<?xml version="1.0" encoding="UTF-8"?>
<!DOCTYPE html PUBLIC "-//W3C//DTD XHTML 1.0 Transitional//EN"
    "http://www.w3.org/TR/xhtml1/DTD/xhtml1-transitional.dtd">
<html xmlns="http://www.w3.org/1999/xhtml" xml:lang="en" lang="en">
 <head>
  <title>
</title>
<meta http-equiv="Content-Type" content="text/html;charset=utf-8" />
  <meta name='ocr-system' content='tesseract 3.04.00' />
  <meta name='ocr-capabilities' content='ocr_page ocr_carea ocr_par ocr_line ocrx_word'/>
</head>
<body>
  <div class='ocr_page' id='page_1' title='image "./analysisoperums11schrgoog_0925.png"; bbox 0 0 2546 4382; ppageno 0'>
   <div class='ocr_carea' id='block_1_1' title="bbox 164 174 1081 354">
    <p class='ocr_par' dir='ltr' id='par_1_1' title="bbox 164 129 1081 354">
     <span class='ocr_line' id='line_1_1' title="bbox 164 174 1081 354; baseline 0.014 -65"><span class='ocrx_word' id='word_1_1' title='bbox 164 299 166 307; x_wconf 7' lang='grc' dir='ltr'>ᾗ</span> <span class='ocrx_word' id='word_1_2' title='bbox 268 201 454 354; x_wconf 80' lang='lat' dir='ltr'><strong>Homiliae</strong></span> <span class='ocrx_word' id='word_1_3' title='bbox 481 204 527 290; x_wconf 84' lang='lat' dir='ltr'><strong>in</strong></span> <span class='ocrx_word' id='word_1_4' title='bbox 557 174 793 332; x_wconf 63' lang='lat' dir='ltr'><strong>Jeremiaqn.</strong></span> <span class='ocrx_word' id='word_1_5' title='bbox 858 244 861 255; x_wconf 63' lang='lat'>¹</span> <span class='ocrx_word' id='word_1_6' title='bbox 910 233 998 324; x_wconf 81' lang='lat'><strong>941</strong></span> <span class='ocrx_word' id='word_1_7' title='bbox 1079 257 1081 268; x_wconf 22' lang='grc' dir='ltr'><em>Δ</em></span> 
     </span>
    </p>
   </div>
   <div class='ocr_carea' id='block_1_2' title="bbox 39 385 1260 3680">
    <p class='ocr_par' dir='ltr' id='par_1_2' title="bbox 39 385 1051 482">
     <span class='ocr_line' id='line_1_2' title="bbox 39 385 1051 482; baseline 0.009 -18"><span class='ocrx_word' id='word_1_8' title='bbox 39 411 169 482; x_wconf 86' lang='lat' dir='ltr'><strong>„cura</strong></span> <span class='ocrx_word' id='word_1_9' title='bbox 193 387 399 466; x_wconf 84' lang='lat' dir='ltr'><strong>sermonum</strong></span> <span class='ocrx_word' id='word_1_10' title='bbox 428 385 476 476; x_wconf 84' lang='lat' dir='ltr'><strong>ad</strong></span> <span class='ocrx_word' id='word_1_11' title='bbox 501 387 626 466; x_wconf 85' lang='lat' dir='ltr'><strong>salutis</strong></span> <span class='ocrx_word' id='word_1_12' title='bbox 649 391 869 470; x_wconf 85' lang='lat' dir='ltr'><strong>medicinam</strong></span> <span class='ocrx_word' id='word_1_13' title='bbox 893 394 994 476; x_wconf 91' lang='lat' dir='ltr'><strong>dese·</strong></span> <span class='ocrx_word' id='word_1_14' title='bbox 1046 387 1051 399; x_wconf 72' lang='grc'><strong>“</strong></span> 
     </span>
    </p>

    <p class='ocr_par' dir='ltr' id='par_1_3' title="bbox 40 488 994 588">
     <span class='ocr_line' id='line_1_3' title="bbox 40 488 994 588; baseline 0.006 -24"><span class='ocrx_word' id='word_1_15' title='bbox 40 488 252 583; x_wconf 81' lang='lat' dir='ltr'><strong>‚,rendam;</strong></span> <span class='ocrx_word' id='word_1_16' title='bbox 291 488 316 566; x_wconf 83' lang='lat' dir='ltr'><strong>sr</strong></span> <span class='ocrx_word' id='word_1_17' title='bbox 340 489 439 565; x_wconf 87' lang='lat' dir='ltr'><strong>enim</strong></span> <span class='ocrx_word' id='word_1_18' title='bbox 463 502 501 564; x_wconf 88' lang='lat' dir='ltr'><strong>te</strong></span> <span class='ocrx_word' id='word_1_19' title='bbox 525 489 801 588; x_wconf 86' lang='lat' dir='ltr'><strong>dereliquerint,</strong></span> <span class='ocrx_word' id='word_1_20' title='bbox 840 496 994 570; x_wconf 81' lang='lat' dir='ltr'><strong>manife-</strong></span> 
     </span>
    </p>

    <p class='ocr_par' dir='ltr' id='par_1_4' title="bbox 41 585 994 686">
     <span class='ocr_line' id='line_1_4' title="bbox 41 585 994 686; baseline 0.005 -20"><span class='ocrx_word' id='word_1_21' title='bbox 41 589 174 684; x_wconf 91' lang='lat' dir='ltr'><strong>„stum</strong></span> <span class='ocrx_word' id='word_1_22' title='bbox 199 589 269 675; x_wconf 85' lang='lat' dir='ltr'><strong>est,</strong></span> <span class='ocrx_word' id='word_1_23' title='bbox 305 589 390 686; x_wconf 89' lang='lat' dir='ltr'><strong>quia</strong></span> <span class='ocrx_word' id='word_1_24' title='bbox 420 585 585 685; x_wconf 75' lang='lat' dir='ltr'><strong>abscessio</strong></span> <span class='ocrx_word' id='word_1_25' title='bbox 614 612 742 667; x_wconf 91' lang='lat' dir='ltr'><strong>eorum</strong></span> <span class='ocrx_word' id='word_1_26' title='bbox 773 593 994 672; x_wconf 81' lang='lat' dir='ltr'><strong>condemna·</strong></span> 
     </span>
    </p>

    <p class='ocr_par' dir='ltr' id='par_1_5' title="bbox 42 686 995 790">
     <span class='ocr_line' id='line_1_5' title="bbox 42 686 995 790; baseline 0.007 -26"><span class='ocrx_word' id='word_1_27' title='bbox 42 691 133 781; x_wconf 88' lang='lat' dir='ltr'><strong>„tio</strong></span> <span class='ocrx_word' id='word_1_28' title='bbox 156 703 220 764; x_wconf 90' lang='lat' dir='ltr'><strong>tua</strong></span> <span class='ocrx_word' id='word_1_29' title='bbox 239 686 344 764; x_wconf 88' lang='lat' dir='ltr'><strong>srtut</strong></span> <span class='ocrx_word' id='word_1_30' title='bbox 360 687 657 778; x_wconf 84' lang='lat' dir='ltr'><strong>irremediabilis,</strong></span> <span class='ocrx_word' id='word_1_31' title='bbox 683 691 913 790; x_wconf 75' lang='lat' dir='ltr'><strong>nolentisque</strong></span> <span class='ocrx_word' id='word_1_32' title='bbox 930 705 995 773; x_wconf 69' lang='lat' dir='ltr'><strong>cu·-</strong></span> 
     </span>
    </p>

    <p class='ocr_par' dir='ltr' id='par_1_6' title="bbox 42 785 996 888">
     <span class='ocr_line' id='line_1_6' title="bbox 42 785 996 888; baseline 0.006 -24"><span class='ocrx_word' id='word_1_33' title='bbox 42 785 166 882; x_wconf 76' lang='lat' dir='ltr'><strong>„c‘ari</strong></span> <span class='ocrx_word' id='word_1_34' title='bbox 217 789 313 864; x_wconf 92' lang='lat' dir='ltr'><strong>Cum</strong></span> <span class='ocrx_word' id='word_1_35' title='bbox 337 799 462 864; x_wconf 87' lang='lat' dir='ltr'><strong>autem</strong></span> <span class='ocrx_word' id='word_1_36' title='bbox 486 801 525 864; x_wconf 89' lang='lat' dir='ltr'><strong>te</strong></span> <span class='ocrx_word' id='word_1_37' title='bbox 549 787 785 877; x_wconf 84' lang='lat' dir='ltr'><strong>deseruerint,</strong></span> <span class='ocrx_word' id='word_1_38' title='bbox 816 793 904 888; x_wconf 90' lang='lat' dir='ltr'><strong>quid</strong></span> <span class='ocrx_word' id='word_1_39' title='bbox 929 795 996 870; x_wconf 87' lang='lat' dir='ltr'><strong>tibi</strong></span> 
     </span>
    </p>

    <p class='ocr_par' dir='ltr' id='par_1_7' title="bbox 44 884 1138 984">
     <span class='ocr_line' id='line_1_7' title="bbox 44 884 1138 984; baseline 0.004 -20"><span class='ocrx_word' id='word_1_40' title='bbox 44 887 180 981; x_wconf 87' lang='lat' dir='ltr'><strong>„aliud</strong></span> <span class='ocrx_word' id='word_1_41' title='bbox 203 900 421 964; x_wconf 89' lang='lat' dir='ltr'><strong>eventurum</strong></span> <span class='ocrx_word' id='word_1_42' title='bbox 443 885 512 975; x_wconf 88' lang='lat' dir='ltr'><strong>est,</strong></span> <span class='ocrx_word' id='word_1_43' title='bbox 539 884 604 962; x_wconf 81' lang='lat' dir='ltr'><strong>nisi</strong></span> <span class='ocrx_word' id='word_1_44' title='bbox 625 888 723 984; x_wconf 92' lang='lat' dir='ltr'><strong>quod</strong></span> <span class='ocrx_word' id='word_1_45' title='bbox 742 890 834 966; x_wconf 90' lang='lat' dir='ltr'><strong>solet</strong></span> <span class='ocrx_word' id='word_1_46' title='bbox 855 893 913 966; x_wconf 92' lang='lat' dir='ltr'><strong>his</strong></span> <span class='ocrx_word' id='word_1_47' title='bbox 933 916 996 968; x_wconf 90' lang='lat' dir='ltr'><strong>ac·</strong></span> <span class='ocrx_word' id='word_1_48' title='bbox 1133 919 1138 926; x_wconf 89' lang='lat'>·</span> 
     </span>
    </p>

    <p class='ocr_par' dir='ltr' id='par_1_8' title="bbox 43 987 994 1086">
     <span class='ocr_line' id='line_1_8' title="bbox 43 987 994 1086; baseline 0.003 -22"><span class='ocrx_word' id='word_1_49' title='bbox 43 988 222 1084; x_wconf 89' lang='lat' dir='ltr'><strong>,‚cidere‚</strong></span> <span class='ocrx_word' id='word_1_50' title='bbox 260 988 323 1085; x_wconf 91' lang='lat' dir='ltr'><strong>qui</strong></span> <span class='ocrx_word' id='word_1_51' title='bbox 353 1010 376 1062; x_wconf 89' lang='lat' dir='ltr'><strong>a</strong></span> <span class='ocrx_word' id='word_1_52' title='bbox 405 987 558 1062; x_wconf 89' lang='lat' dir='ltr'><strong>medicis</strong></span> <span class='ocrx_word' id='word_1_53' title='bbox 591 987 842 1086; x_wconf 86' lang='lat' dir='ltr'><strong>desperantur,</strong></span> <span class='ocrx_word' id='word_1_54' title='bbox 880 1005 923 1066; x_wconf 92' lang='lat' dir='ltr'><strong>ut</strong></span> <span class='ocrx_word' id='word_1_55' title='bbox 945 991 994 1067; x_wconf 93' lang='lat' dir='ltr'><strong>ad</strong></span> 
     </span>
    </p>

    <p class='ocr_par' dir='ltr' id='par_1_9' title="bbox 44 1085 1069 1188">
     <span class='ocr_line' id='line_1_9' title="bbox 44 1085 1069 1188; baseline 0.004 -24"><span class='ocrx_word' id='word_1_56' title='bbox 44 1085 203 1188; x_wconf 88' lang='lat' dir='ltr'><strong>„pejora</strong></span> <span class='ocrx_word' id='word_1_57' title='bbox 220 1086 486 1182; x_wconf 84' lang='lat' dir='ltr'><strong>demergantur.</strong></span> <span class='ocrx_word' id='word_1_58' title='bbox 507 1143 544 1164; x_wconf 91' lang='lat'><strong>..</strong></span> <span class='ocrx_word' id='word_1_59' title='bbox 571 1145 579 1163; x_wconf 93' lang='lat'><strong>.</strong></span> <span class='ocrx_word' id='word_1_60' title='bbox 633 1087 683 1164; x_wconf 77' lang='lat' dir='ltr'><strong>Et</strong></span> <span class='ocrx_word' id='word_1_61' title='bbox 697 1086 833 1184; x_wconf 85' lang='lat' dir='ltr'><strong>Angeli</strong></span> <span class='ocrx_word' id='word_1_62' title='bbox 852 1089 992 1168; x_wconf 89' lang='lat' dir='ltr'><strong>dicant:</strong></span> <span class='ocrx_word' id='word_1_63' title='bbox 1065 1125 1069 1131; x_wconf 88' lang='lat'>·</span> 
     </span>
    </p>

    <p class='ocr_par' dir='ltr' id='par_1_10' title="bbox 44 1184 1104 1284">
     <span class='ocr_line' id='line_1_10' title="bbox 44 1184 1104 1284; baseline 0.003 -22"><span class='ocrx_word' id='word_1_64' title='bbox 44 1213 154 1282; x_wconf 92' lang='lat' dir='ltr'><strong>„non</strong></span> <span class='ocrx_word' id='word_1_65' title='bbox 179 1184 230 1264; x_wconf 78' lang='lat' dir='ltr'><strong>est</strong></span> <span class='ocrx_word' id='word_1_66' title='bbox 253 1185 437 1281; x_wconf 81' lang='lat' dir='ltr'><strong>malagma</strong></span> <span class='ocrx_word' id='word_1_67' title='bbox 465 1185 672 1282; x_wconf 87' lang='lat' dir='ltr'><strong>imponere,</strong></span> <span class='ocrx_word' id='word_1_68' title='bbox 708 1211 825 1284; x_wconf 92' lang='lat' dir='ltr'><strong>neque</strong></span> <span class='ocrx_word' id='word_1_69' title='bbox 851 1187 994 1280; x_wconf 90' lang='lat' dir='ltr'><strong>oleum,</strong></span> <span class='ocrx_word' id='word_1_70' title='bbox 1101 1240 1104 1248; x_wconf 83' lang='lat'><em>·</em></span> 
     </span>
    </p>

    <p class='ocr_par' dir='ltr' id='par_1_11' title="bbox 45 1285 994 1386">
     <span class='ocr_line' id='line_1_11' title="bbox 45 1285 994 1386; baseline 0.002 -25"><span class='ocrx_word' id='word_1_71' title='bbox 45 1307 198 1384; x_wconf 85' lang='lat' dir='ltr'><strong>„neque</strong></span> <span class='ocrx_word' id='word_1_72' title='bbox 223 1285 456 1382; x_wconf 83' lang='lat' dir='ltr'><strong>alligaturas,</strong></span> <span class='ocrx_word' id='word_1_73' title='bbox 492 1286 569 1382; x_wconf 82' lang='lat' dir='ltr'><strong>qaia</strong></span> <span class='ocrx_word' id='word_1_74' title='bbox 599 1289 842 1386; x_wconf 82' lang='lat' dir='ltr'><strong>appropinquat</strong></span> <span class='ocrx_word' id='word_1_75' title='bbox 871 1291 906 1362; x_wconf 84' lang='lat' dir='ltr'><strong>in</strong></span> <span class='ocrx_word' id='word_1_76' title='bbox 931 1317 994 1363; x_wconf 75' lang='lat' dir='ltr'><strong>cn·</strong></span> 
     </span>
    </p>

    <p class='ocr_par' dir='ltr' id='par_1_12' title="bbox 43 1383 1260 1488">
     <span class='ocr_line' id='line_1_12' title="bbox 43 1383 1260 1488; baseline -0.003 -25"><span class='ocrx_word' id='word_1_77' title='bbox 43 1389 147 1479; x_wconf 61' lang='lat' dir='ltr'><strong>‚dum</strong></span> <span class='ocrx_word' id='word_1_78' title='bbox 172 1385 335 1486; x_wconf 79' lang='lat' dir='ltr'><strong>judicium</strong></span> <span class='ocrx_word' id='word_1_79' title='bbox 364 1387 453 1481; x_wconf 80' lang='lat' dir='ltr'><strong>ejus,</strong></span> <span class='ocrx_word' id='word_1_80' title='bbox 490 1383 531 1460; x_wconf 66' lang='lat' dir='ltr'><strong>ss</strong></span> <span class='ocrx_word' id='word_1_81' title='bbox 562 1383 719 1460; x_wconf 79' lang='lat' dir='ltr'><strong>elevatam</strong></span> <span class='ocrx_word' id='word_1_82' title='bbox 751 1387 793 1488; x_wconf 86' lang='lat' dir='ltr'><strong>est</strong></span> <span class='ocrx_word' id='word_1_83' title='bbox 822 1388 995 1484; x_wconf 78' lang='lat' dir='ltr'><strong>usquead</strong></span> <span class='ocrx_word' id='word_1_84' title='bbox 1140 1395 1145 1403; x_wconf 84' lang='grc'><strong>“</strong></span> <span class='ocrx_word' id='word_1_85' title='bbox 1259 1421 1260 1428; x_wconf 43' lang='lat'>1</span> 
     </span>
    </p>

    <p class='ocr_par' dir='ltr' id='par_1_13' title="bbox 44 1483 1077 1580">
     <span class='ocr_line' id='line_1_13' title="bbox 44 1483 1077 1580; baseline 0.002 -19"><span class='ocrx_word' id='word_1_86' title='bbox 44 1511 98 1579; x_wconf 85' lang='lat' dir='ltr'><strong>„a</strong></span> <span class='ocrx_word' id='word_1_87' title='bbox 126 1511 177 1562; x_wconf 83' lang='lat' dir='ltr'><strong>ro.</strong></span> <span class='ocrx_word' id='word_1_88' title='bbox 203 1509 235 1559; x_wconf 87' lang='lat' dir='ltr'><strong>u.</strong></span> <span class='ocrx_word' id='word_1_89' title='bbox 251 1509 285 1580; x_wconf 87' lang='lat' dir='ltr'><strong>q.</strong></span> <span class='ocrx_word' id='word_1_90' title='bbox 333 1484 406 1572; x_wconf 89' lang='lat' dir='ltr'><strong>Qui</strong></span> <span class='ocrx_word' id='word_1_91' title='bbox 426 1484 525 1562; x_wconf 89' lang='lat' dir='ltr'><strong>enim</strong></span> <span class='ocrx_word' id='word_1_92' title='bbox 541 1483 669 1562; x_wconf 88' lang='lat' dir='ltr'><strong>orescit</strong></span> <span class='ocrx_word' id='word_1_93' title='bbox 686 1484 893 1575; x_wconf 84' lang='lat' dir='ltr'><strong>inscelere,</strong></span> <span class='ocrx_word' id='word_1_94' title='bbox 917 1510 996 1563; x_wconf 82' lang='lat' dir='ltr'><strong>cre·</strong></span> <span class='ocrx_word' id='word_1_95' title='bbox 1075 1515 1077 1520; x_wconf 92' lang='lat'>·</span> 
     </span>
    </p>

    <p class='ocr_par' dir='ltr' id='par_1_14' title="bbox 44 1580 995 1690">
     <span class='ocr_line' id='line_1_14' title="bbox 44 1580 995 1690; baseline 0.001 -27"><span class='ocrx_word' id='word_1_96' title='bbox 44 1641 72 1680; x_wconf 92' lang='lat'><strong>„</strong></span> <span class='ocrx_word' id='word_1_97' title='bbox 90 1586 142 1663; x_wconf 92' lang='lat' dir='ltr'><strong>cit</strong></span> <span class='ocrx_word' id='word_1_98' title='bbox 165 1583 205 1662; x_wconf 81' lang='lat' dir='ltr'><strong>dr</strong></span> <span class='ocrx_word' id='word_1_99' title='bbox 228 1585 267 1660; x_wconf 93' lang='lat' dir='ltr'><strong>in</strong></span> <span class='ocrx_word' id='word_1_100' title='bbox 294 1580 454 1690; x_wconf 79' lang='lat' dir='ltr'><strong>judicio,</strong></span> <span class='ocrx_word' id='word_1_101' title='bbox 491 1581 668 1681; x_wconf 86' lang='lat' dir='ltr'><strong>smulque</strong></span> <span class='ocrx_word' id='word_1_102' title='bbox 693 1607 777 1660; x_wconf 90' lang='lat' dir='ltr'><strong>cum</strong></span> <span class='ocrx_word' id='word_1_103' title='bbox 805 1586 905 1662; x_wconf 89' lang='lat' dir='ltr'><strong>vitiis</strong></span> <span class='ocrx_word' id='word_1_104' title='bbox 928 1608 995 1664; x_wconf 83' lang='lat' dir='ltr'><strong>au·</strong></span> 
     </span>
    </p>

    <p class='ocr_par' dir='ltr' id='par_1_15' title="bbox 43 1681 1137 1784">
     <span class='ocr_line' id='line_1_15' title="bbox 43 1681 1137 1784; baseline 0.001 -23"><span class='ocrx_word' id='word_1_105' title='bbox 43 1699 184 1784; x_wconf 88' lang='lat' dir='ltr'><strong>„getur</strong></span> <span class='ocrx_word' id='word_1_106' title='bbox 205 1683 243 1760; x_wconf 77' lang='lat' dir='ltr'><strong>dt</strong></span> <span class='ocrx_word' id='word_1_107' title='bbox 268 1705 393 1782; x_wconf 84' lang='lat' dir='ltr'><strong>poena:</strong></span> <span class='ocrx_word' id='word_1_108' title='bbox 415 1681 455 1759; x_wconf 78' lang='lat' dir='ltr'><strong>dc</strong></span> <span class='ocrx_word' id='word_1_109' title='bbox 479 1684 564 1782; x_wconf 89' lang='lat' dir='ltr'><strong>quia</strong></span> <span class='ocrx_word' id='word_1_110' title='bbox 586 1685 624 1758; x_wconf 91' lang='lat' dir='ltr'><strong>in</strong></span> <span class='ocrx_word' id='word_1_111' title='bbox 649 1695 794 1762; x_wconf 87' lang='lat' dir='ltr'><strong>tantum</strong></span> <span class='ocrx_word' id='word_1_112' title='bbox 818 1685 995 1784; x_wconf 86' lang='lat' dir='ltr'><strong>deliquit,</strong></span> <span class='ocrx_word' id='word_1_113' title='bbox 1047 1701 1049 1708; x_wconf 62' lang='lat'>‘</span> <span class='ocrx_word' id='word_1_114' title='bbox 1124 1718 1137 1730; x_wconf 93' lang='lat'><strong>··</strong></span> 
     </span>
    </p>

    <p class='ocr_par' dir='ltr' id='par_1_16' title="bbox 45 1780 994 1882">
     <span class='ocr_line' id='line_1_16' title="bbox 45 1780 994 1882; baseline -0.001 -20"><span class='ocrx_word' id='word_1_115' title='bbox 45 1798 119 1879; x_wconf 92' lang='lat' dir='ltr'><strong>„ut</strong></span> <span class='ocrx_word' id='word_1_116' title='bbox 138 1782 316 1882; x_wconf 80' lang='lat' dir='ltr'><strong>judicium</strong></span> <span class='ocrx_word' id='word_1_117' title='bbox 341 1780 422 1881; x_wconf 84' lang='lat' dir='ltr'><strong>ejus</strong></span> <span class='ocrx_word' id='word_1_118' title='bbox 443 1803 560 1879; x_wconf 92' lang='lat' dir='ltr'><strong>usque</strong></span> <span class='ocrx_word' id='word_1_119' title='bbox 584 1781 633 1856; x_wconf 85' lang='lat' dir='ltr'><strong>ad</strong></span> <span class='ocrx_word' id='word_1_120' title='bbox 654 1780 809 1859; x_wconf 87' lang='lat' dir='ltr'><strong>coelestia</strong></span> <span class='ocrx_word' id='word_1_121' title='bbox 831 1783 994 1861; x_wconf 86' lang='lat' dir='ltr'><strong>subleve-</strong></span> 
     </span>
    </p>

    <p class='ocr_par' dir='ltr' id='par_1_17' title="bbox 45 1877 991 1983">
     <span class='ocr_line' id='line_1_17' title="bbox 45 1877 991 1983; baseline -0.001 -23"><span class='ocrx_word' id='word_1_122' title='bbox 45 1898 156 1979; x_wconf 91' lang='lat' dir='ltr'><strong>„tur,</strong></span> <span class='ocrx_word' id='word_1_123' title='bbox 192 1882 230 1959; x_wconf 77' lang='lat' dir='ltr'><strong>dt</strong></span> <span class='ocrx_word' id='word_1_124' title='bbox 254 1904 317 1983; x_wconf 85' lang='lat' dir='ltr'><strong>per</strong></span> <span class='ocrx_word' id='word_1_125' title='bbox 342 1881 569 1983; x_wconf 78' lang='lat' dir='ltr'><strong>impietatem</strong></span> <span class='ocrx_word' id='word_1_126' title='bbox 595 1879 696 1956; x_wconf 86' lang='lat' dir='ltr'><strong>suam</strong></span> <span class='ocrx_word' id='word_1_127' title='bbox 723 1880 884 1957; x_wconf 78' lang='lat' dir='ltr'><strong>resiliens</strong></span> <span class='ocrx_word' id='word_1_128' title='bbox 910 1877 991 1960; x_wconf 88' lang='lat' dir='ltr'><strong>Deo</strong></span> 
     </span>
    </p>

    <p class='ocr_par' dir='ltr' id='par_1_18' title="bbox 45 1979 992 2082">
     <span class='ocr_line' id='line_1_18' title="bbox 45 1979 992 2082; baseline -0.001 -22"><span class='ocrx_word' id='word_1_129' title='bbox 45 1983 126 2079; x_wconf 91' lang='lat' dir='ltr'><strong>„ad</strong></span> <span class='ocrx_word' id='word_1_130' title='bbox 147 1983 329 2082; x_wconf 84' lang='lat' dir='ltr'><strong>superiora</strong></span> <span class='ocrx_word' id='word_1_131' title='bbox 351 1981 588 2069; x_wconf 82' lang='lat' dir='ltr'><strong>conscendat,</strong></span> <span class='ocrx_word' id='word_1_132' title='bbox 614 1979 752 2080; x_wconf 88' lang='lat' dir='ltr'><strong>profert</strong></span> <span class='ocrx_word' id='word_1_133' title='bbox 773 1981 874 2056; x_wconf 87' lang='lat' dir='ltr'><strong>Deus</strong></span> <span class='ocrx_word' id='word_1_134' title='bbox 892 1979 992 2079; x_wconf 82' lang='lat' dir='ltr'><strong>judi·</strong></span> 
     </span>
    </p>

    <p class='ocr_par' dir='ltr' id='par_1_19' title="bbox 45 2077 991 2180">
     <span class='ocr_line' id='line_1_19' title="bbox 45 2077 991 2180; baseline -0.002 -20"><span class='ocrx_word' id='word_1_135' title='bbox 45 2085 175 2178; x_wconf 90' lang='lat' dir='ltr'><strong>„cium</strong></span> <span class='ocrx_word' id='word_1_136' title='bbox 203 2083 308 2159; x_wconf 90' lang='lat' dir='ltr'><strong>suum</strong></span> <span class='ocrx_word' id='word_1_137' title='bbox 338 2081 378 2156; x_wconf 89' lang='lat' dir='ltr'><strong>in</strong></span> <span class='ocrx_word' id='word_1_138' title='bbox 408 2080 702 2157; x_wconf 85' lang='lat' dir='ltr'><strong>humiliationem</strong></span> <span class='ocrx_word' id='word_1_139' title='bbox 734 2077 813 2157; x_wconf 81' lang='lat' dir='ltr'><strong>e‘us</strong></span> <span class='ocrx_word' id='word_1_140' title='bbox 842 2080 991 2180; x_wconf 82' lang='lat' dir='ltr'><strong>judicii,</strong></span> 
     </span>
    </p>

    <p class='ocr_par' dir='ltr' id='par_1_20' title="bbox 44 2179 1100 2358">
     <span class='ocr_line' id='line_1_20' title="bbox 44 2179 1100 2358; baseline -0.009 -99"><span class='ocrx_word' id='word_1_141' title='bbox 44 2183 174 2284; x_wconf 92' lang='lat' dir='ltr'><strong>„quod</strong></span> <span class='ocrx_word' id='word_1_142' title='bbox 197 2182 356 2260; x_wconf 88' lang='lat' dir='ltr'><strong>celatum</strong></span> <span class='ocrx_word' id='word_1_143' title='bbox 380 2179 431 2256; x_wconf 83' lang='lat' dir='ltr'><strong>eli</strong></span> <span class='ocrx_word' id='word_1_144' title='bbox 445 2193 709 2358; x_wconf 40' lang='grc' dir='ltr'><strong>ιεὲιῗεοοειῐοτθ,</strong></span> <span class='ocrx_word' id='word_1_145' title='bbox 804 2180 993 2288; x_wconf 78' lang='lat' dir='ltr'><strong>proferens</strong></span> <span class='ocrx_word' id='word_1_146' title='bbox 1094 2230 1100 2250; x_wconf 83' lang='lat'><strong><em>.</em></strong></span> 
     </span>
    </p>

    <p class='ocr_par' dir='ltr' id='par_1_21' title="bbox 44 2279 1033 2382">
     <span class='ocr_line' id='line_1_21' title="bbox 44 2279 1033 2382; baseline -0.003 -23"><span class='ocrx_word' id='word_1_147' title='bbox 44 2282 250 2382; x_wconf 82' lang='lat' dir='ltr'><strong>„judicium</strong></span> <span class='ocrx_word' id='word_1_148' title='bbox 274 2279 376 2356; x_wconf 91' lang='lat' dir='ltr'><strong>suum</strong></span> <span class='ocrx_word' id='word_1_149' title='bbox 393 2280 444 2355; x_wconf 90' lang='lat' dir='ltr'><strong>hu</strong></span> <span class='ocrx_word' id='word_1_150' title='bbox 484 2280 492 2294; x_wconf 85' lang='lat'>‘</span> <span class='ocrx_word' id='word_1_151' title='bbox 512 2281 565 2356; x_wconf 86' lang='lat' dir='ltr'><strong>iat</strong></span> <span class='ocrx_word' id='word_1_152' title='bbox 582 2279 730 2378; x_wconf 88' lang='lat' dir='ltr'><strong>quidem</strong></span> <span class='ocrx_word' id='word_1_153' title='bbox 748 2294 992 2378; x_wconf 88' lang='lat' dir='ltr'><strong>peccatorem,</strong></span> <span class='ocrx_word' id='word_1_154' title='bbox 1013 2335 1033 2346; x_wconf 71' lang='lat'><strong>.,</strong></span> 
     </span>
    </p>

    <p class='ocr_par' dir='ltr' id='par_1_22' title="bbox 45 2378 991 2479">
     <span class='ocr_line' id='line_1_22' title="bbox 45 2378 991 2479; baseline -0.002 -21"><span class='ocrx_word' id='word_1_155' title='bbox 45 2382 239 2478; x_wconf 89' lang='lat' dir='ltr'><strong>„retribuit</strong></span> <span class='ocrx_word' id='word_1_156' title='bbox 254 2379 483 2478; x_wconf 78' lang='lat' dir='ltr'><strong>autemjusto</strong></span> <span class='ocrx_word' id='word_1_157' title='bbox 502 2380 612 2476; x_wconf 84' lang='lat' dir='ltr'><strong>digna</strong></span> <span class='ocrx_word' id='word_1_158' title='bbox 629 2380 720 2456; x_wconf 80' lang='lat' dir='ltr'><strong>vitae</strong></span> <span class='ocrx_word' id='word_1_159' title='bbox 734 2378 813 2479; x_wconf 85' lang='lat' dir='ltr'><strong>ejus</strong></span> <span class='ocrx_word' id='word_1_160' title='bbox 828 2380 867 2457; x_wconf 87' lang='lat' dir='ltr'><strong>in</strong></span> <span class='ocrx_word' id='word_1_161' title='bbox 884 2381 991 2458; x_wconf 90' lang='lat' dir='ltr'><strong>Chri-</strong></span> 
     </span>
    </p>

    <p class='ocr_par' dir='ltr' id='par_1_23' title="bbox 44 2478 989 2581">
     <span class='ocr_line' id='line_1_23' title="bbox 44 2478 989 2581; baseline 0.001 -24"><span class='ocrx_word' id='word_1_162' title='bbox 44 2483 125 2575; x_wconf 87' lang='lat' dir='ltr'><strong>„llo</strong></span> <span class='ocrx_word' id='word_1_163' title='bbox 148 2481 228 2581; x_wconf 89' lang='lat' dir='ltr'><strong>Jesu</strong></span> <span class='ocrx_word' id='word_1_164' title='bbox 253 2480 413 2556; x_wconf 93' lang='lat' dir='ltr'><strong>Domino</strong></span> <span class='ocrx_word' id='word_1_165' title='bbox 437 2479 580 2568; x_wconf 89' lang='lat' dir='ltr'><strong>nostro,</strong></span> <span class='ocrx_word' id='word_1_166' title='bbox 618 2480 678 2556; x_wconf 94' lang='lat' dir='ltr'><strong>cui</strong></span> <span class='ocrx_word' id='word_1_167' title='bbox 702 2478 751 2556; x_wconf 89' lang='lat' dir='ltr'><strong>est</strong></span> <span class='ocrx_word' id='word_1_168' title='bbox 777 2480 915 2576; x_wconf 83' lang='lat' dir='ltr'><strong>gloria,</strong></span> <span class='ocrx_word' id='word_1_169' title='bbox 949 2479 989 2558; x_wconf 79' lang='lat' dir='ltr'><strong>dr</strong></span> 
     </span>
    </p>

    <p class='ocr_par' dir='ltr' id='par_1_24' title="bbox 43 2577 1239 2776">
     <span class='ocr_line' id='line_1_24' title="bbox 43 2577 1210 2680; baseline -0.005 -18"><span class='ocrx_word' id='word_1_170' title='bbox 43 2582 265 2680; x_wconf 78' lang='lat' dir='ltr'><strong>„imperium</strong></span> <span class='ocrx_word' id='word_1_171' title='bbox 287 2581 326 2654; x_wconf 89' lang='lat' dir='ltr'><strong>in</strong></span> <span class='ocrx_word' id='word_1_172' title='bbox 351 2577 482 2656; x_wconf 83' lang='lat' dir='ltr'><strong>saecuta</strong></span> <span class='ocrx_word' id='word_1_173' title='bbox 504 2578 729 2656; x_wconf 86' lang='lat' dir='ltr'><strong>saeculorum.</strong></span> <span class='ocrx_word' id='word_1_174' title='bbox 780 2577 913 2656; x_wconf 84' lang='lat' dir='ltr'><strong>Amen.</strong></span> <span class='ocrx_word' id='word_1_175' title='bbox 1207 2617 1210 2626; x_wconf 58' lang='lat'>¹</span> 
     </span>
     <span class='ocr_line' id='line_1_25' title="bbox 117 2665 1239 2776; baseline 0.003 -20"><span class='ocrx_word' id='word_1_176' title='bbox 117 2679 188 2756; x_wconf 82' lang='lat' dir='ltr'><strong>ms</strong></span> <span class='ocrx_word' id='word_1_177' title='bbox 211 2677 387 2758; x_wconf 71' lang='lat' dir='ltr'><strong>Hominis</strong></span> <span class='ocrx_word' id='word_1_178' title='bbox 409 2678 454 2753; x_wconf 91' lang='lat' dir='ltr'><strong>n.</strong></span> <span class='ocrx_word' id='word_1_179' title='bbox 473 2679 519 2754; x_wconf 79' lang='lat' dir='ltr'><strong>ue</strong></span> <span class='ocrx_word' id='word_1_180' title='bbox 538 2678 576 2753; x_wconf 82' lang='lat' dir='ltr'><strong>1a</strong></span> <span class='ocrx_word' id='word_1_181' title='bbox 603 2679 683 2758; x_wconf 80' lang='lat' dir='ltr'><strong>Rue</strong></span> <span class='ocrx_word' id='word_1_182' title='bbox 708 2691 797 2756; x_wconf 82' lang='lat' dir='ltr'><strong>tom.</strong></span> <span class='ocrx_word' id='word_1_183' title='bbox 822 2705 856 2775; x_wconf 82' lang='lat'><strong>3.</strong></span> <span class='ocrx_word' id='word_1_184' title='bbox 883 2679 981 2776; x_wconf 73' lang='lat' dir='ltr'><strong>ong.</strong></span> <span class='ocrx_word' id='word_1_185' title='bbox 999 2685 1109 2760; x_wconf 73' lang='lat' dir='ltr'><strong>noo</strong></span> <span class='ocrx_word' id='word_1_186' title='bbox 1221 2665 1239 2742; x_wconf 66' lang='lat' dir='ltr'><em>f</em></span> 
     </span>
    </p>

    <p class='ocr_par' dir='ltr' id='par_1_25' title="bbox 42 2772 1166 2878">
     <span class='ocr_line' id='line_1_26' title="bbox 42 2772 1166 2878; baseline -0.004 -18"><span class='ocrx_word' id='word_1_187' title='bbox 42 2781 289 2878; x_wconf 82' lang='lat' dir='ltr'><strong>fragmentum</strong></span> <span class='ocrx_word' id='word_1_188' title='bbox 320 2777 668 2875; x_wconf 78' lang='lat' dir='ltr'><strong>aliquod&#39;Horniliae</strong></span> <span class='ocrx_word' id='word_1_189' title='bbox 700 2775 892 2874; x_wconf 83' lang='lat' dir='ltr'><strong>trigesunae</strong></span> <span class='ocrx_word' id='word_1_190' title='bbox 915 2803 982 2854; x_wconf 90' lang='lat' dir='ltr'><strong>no·</strong></span> <span class='ocrx_word' id='word_1_191' title='bbox 998 2772 1166 2871; x_wconf 56' lang='lat' dir='ltr'><strong>⁶9²⁹,ssss</strong></span> 
     </span>
    </p>

    <p class='ocr_par' dir='ltr' id='par_1_26' title="bbox 43 2857 1168 3028">
     <span class='ocr_line' id='line_1_27' title="bbox 43 2857 1168 3028; baseline -0.004 -69"><span class='ocrx_word' id='word_1_192' title='bbox 43 2903 105 2959; x_wconf 77' lang='lat' dir='ltr'><strong>nae</strong></span> <span class='ocrx_word' id='word_1_193' title='bbox 137 2901 185 2956; x_wconf 79' lang='lat' dir='ltr'><strong>ex</strong></span> <span class='ocrx_word' id='word_1_194' title='bbox 213 2877 415 2992; x_wconf 59' lang='lat' dir='ltr'><strong>eunocum</strong></span> <span class='ocrx_word' id='word_1_195' title='bbox 446 2876 678 2990; x_wconf 66' lang='lat' dir='ltr'><strong>&lt;resumptum</strong></span> <span class='ocrx_word' id='word_1_196' title='bbox 706 2875 908 2975; x_wconf 84' lang='lat' dir='ltr'><strong>subjungit,</strong></span> <span class='ocrx_word' id='word_1_197' title='bbox 944 2857 1168 3028; x_wconf 49' lang='lat' dir='ltr'><strong>npetu·</strong></span> 
     </span>
    </p>

    <p class='ocr_par' dir='ltr' id='par_1_27' title="bbox 44 2943 1165 3080">
     <span class='ocr_line' id='line_1_28' title="bbox 44 2943 1165 3080; baseline -0.001 -23"><span class='ocrx_word' id='word_1_198' title='bbox 44 3003 119 3080; x_wconf 82' lang='lat' dir='ltr'><strong>quo</strong></span> <span class='ocrx_word' id='word_1_199' title='bbox 134 2978 311 3076; x_wconf 82' lang='lat' dir='ltr'><strong>Origenes</strong></span> <span class='ocrx_word' id='word_1_200' title='bbox 327 2975 526 3076; x_wconf 74' lang='lat' dir='ltr'><strong>specialiter</strong></span> <span class='ocrx_word' id='word_1_201' title='bbox 545 2987 667 3052; x_wconf 82' lang='lat' dir='ltr'><strong>notat:</strong></span> <span class='ocrx_word' id='word_1_202' title='bbox 692 2975 848 3074; x_wconf 89' lang='lat' dir='ltr'><strong>„Neque</strong></span> <span class='ocrx_word' id='word_1_203' title='bbox 870 3001 984 3056; x_wconf 90' lang='lat' dir='ltr'><strong>unum</strong></span> <span class='ocrx_word' id='word_1_204' title='bbox 1011 2943 1165 3032; x_wconf 55' lang='lat' dir='ltr'><strong>“mm</strong></span> 
     </span>
    </p>

    <p class='ocr_par' dir='ltr' id='par_1_28' title="bbox 46 3075 984 3180">
     <span class='ocr_line' id='line_1_29' title="bbox 46 3075 984 3180; baseline 0 -25"><span class='ocrx_word' id='word_1_205' title='bbox 46 3079 150 3180; x_wconf 83' lang='lat' dir='ltr'><strong>„jota</strong></span> <span class='ocrx_word' id='word_1_206' title='bbox 174 3079 262 3168; x_wconf 89' lang='lat' dir='ltr'><strong>elle,</strong></span> <span class='ocrx_word' id='word_1_207' title='bbox 300 3091 366 3157; x_wconf 84' lang='lat' dir='ltr'><strong>aut</strong></span> <span class='ocrx_word' id='word_1_208' title='bbox 389 3099 504 3154; x_wconf 88' lang='lat' dir='ltr'><strong>unum</strong></span> <span class='ocrx_word' id='word_1_209' title='bbox 531 3075 673 3173; x_wconf 87' lang='lat' dir='ltr'><strong>apicem</strong></span> <span class='ocrx_word' id='word_1_210' title='bbox 705 3076 744 3151; x_wconf 91' lang='lat' dir='ltr'><strong>in</strong></span> <span class='ocrx_word' id='word_1_211' title='bbox 774 3077 984 3175; x_wconf 88' lang='lat' dir='ltr'><strong>Scriptura,</strong></span> 
     </span>
    </p>

    <p class='ocr_par' dir='ltr' id='par_1_29' title="bbox 46 3170 983 3292">
     <span class='ocr_line' id='line_1_30' title="bbox 46 3170 983 3292; baseline -0.005 -35"><span class='ocrx_word' id='word_1_212' title='bbox 46 3180 136 3280; x_wconf 90' lang='lat' dir='ltr'><strong>„qui</strong></span> <span class='ocrx_word' id='word_1_213' title='bbox 158 3199 249 3292; x_wconf 85' lang='lat' dir='ltr'><strong>opus</strong></span> <span class='ocrx_word' id='word_1_214' title='bbox 269 3177 374 3266; x_wconf 87' lang='lat' dir='ltr'><strong>suum</strong></span> <span class='ocrx_word' id='word_1_215' title='bbox 397 3199 474 3252; x_wconf 91' lang='lat' dir='ltr'><strong>non</strong></span> <span class='ocrx_word' id='word_1_216' title='bbox 492 3170 656 3292; x_wconf 87' lang='lat' dir='ltr'><strong>perficiat</strong></span> <span class='ocrx_word' id='word_1_217' title='bbox 676 3175 714 3249; x_wconf 92' lang='lat' dir='ltr'><strong>in</strong></span> <span class='ocrx_word' id='word_1_218' title='bbox 736 3175 803 3265; x_wconf 89' lang='lat' dir='ltr'><strong>iis,</strong></span> <span class='ocrx_word' id='word_1_219' title='bbox 830 3179 891 3274; x_wconf 87' lang='lat' dir='ltr'><strong>qui</strong></span> <span class='ocrx_word' id='word_1_220' title='bbox 911 3179 983 3252; x_wconf 76' lang='lat' dir='ltr'><strong>vir·</strong></span> 
     </span>
    </p>

    <p class='ocr_par' dir='ltr' id='par_1_30' title="bbox 46 3273 985 3448">
     <span class='ocr_line' id='line_1_31' title="bbox 46 3273 985 3448; baseline -0.007 -91"><span class='ocrx_word' id='word_1_221' title='bbox 46 3291 152 3374; x_wconf 90' lang='lat' dir='ltr'><strong>„tute</strong></span> <span class='ocrx_word' id='word_1_222' title='bbox 165 3273 369 3355; x_wconf 77' lang='lat' dir='ltr'><strong>litterarum</strong></span> <span class='ocrx_word' id='word_1_223' title='bbox 389 3276 445 3353; x_wconf 89' lang='lat' dir='ltr'><strong>uti</strong></span> <span class='ocrx_word' id='word_1_224' title='bbox 460 3275 587 3352; x_wconf 86' lang='lat' dir='ltr'><strong>serunt.</strong></span> <span class='ocrx_word' id='word_1_225' title='bbox 638 3275 759 3364; x_wconf 89' lang='lat' dir='ltr'><strong>Quare</strong></span> <span class='ocrx_word' id='word_1_226' title='bbox 777 3278 889 3448; x_wconf 68' lang='lat' dir='ltr'><strong>etiarq</strong></span> <span class='ocrx_word' id='word_1_227' title='bbox 904 3300 985 3353; x_wconf 64' lang='lat' dir='ltr'><strong>moa</strong></span> 
     </span>
    </p>

    <p class='ocr_par' dir='ltr' id='par_1_31' title="bbox 43 3373 842 3476">
     <span class='ocr_line' id='line_1_32' title="bbox 43 3373 842 3476; baseline -0.009 -19"><span class='ocrx_word' id='word_1_228' title='bbox 43 3393 155 3476; x_wconf 86' lang='lat' dir='ltr'><strong>„net,</strong></span> <span class='ocrx_word' id='word_1_229' title='bbox 177 3389 240 3466; x_wconf 89' lang='lat' dir='ltr'><strong>ut,</strong></span> <span class='ocrx_word' id='word_1_230' title='bbox 266 3377 330 3474; x_wconf 89' lang='lat' dir='ltr'><strong>qui</strong></span> <span class='ocrx_word' id='word_1_231' title='bbox 350 3375 460 3452; x_wconf 77' lang='lat' dir='ltr'><strong>sacrae</strong></span> <span class='ocrx_word' id='word_1_232' title='bbox 477 3375 676 3474; x_wconf 77' lang='lat' dir='ltr'><strong>Scripturas</strong></span> <span class='ocrx_word' id='word_1_233' title='bbox 697 3373 842 3450; x_wconf 79' lang='lat' dir='ltr'><strong>letiioni</strong></span> 
     </span>
    </p>

    <p class='ocr_par' dir='ltr' id='par_1_32' title="bbox 46 3473 1236 3583">
     <span class='ocr_line' id='line_1_33' title="bbox 46 3473 1236 3583; baseline -0.009 -25"><span class='ocrx_word' id='word_1_234' title='bbox 46 3481 156 3583; x_wconf 86' lang='lat' dir='ltr'><strong>„dere</strong></span> <span class='ocrx_word' id='word_1_235' title='bbox 172 3477 347 3573; x_wconf 82' lang='lat' dir='ltr'><strong>cogitant,</strong></span> <span class='ocrx_word' id='word_1_236' title='bbox 372 3474 513 3554; x_wconf 82' lang='lat' dir='ltr'><strong>nutam</strong></span> <span class='ocrx_word' id='word_1_237' title='bbox 530 3499 604 3554; x_wconf 88' lang='lat' dir='ltr'><strong>uon</strong></span> <span class='ocrx_word' id='word_1_238' title='bbox 624 3473 822 3562; x_wconf 82' lang='lat' dir='ltr'><strong>discussam,</strong></span> <span class='ocrx_word' id='word_1_239' title='bbox 848 3473 887 3550; x_wconf 82' lang='lat' dir='ltr'><strong>dt</strong></span> <span class='ocrx_word' id='word_1_240' title='bbox 904 3475 987 3550; x_wconf 72' lang='lat' dir='ltr'><strong>dili«-</strong></span> <span class='ocrx_word' id='word_1_241' title='bbox 1232 3549 1236 3562; x_wconf 75' lang='grc'><strong>,</strong></span> 
     </span>
    </p>

    <p class='ocr_par' dir='ltr' id='par_1_33' title="bbox 45 3574 1126 3680">
     <span class='ocr_line' id='line_1_34' title="bbox 45 3574 1126 3680; baseline -0.008 -21"><span class='ocrx_word' id='word_1_242' title='bbox 45 3591 196 3680; x_wconf 82' lang='lat' dir='ltr'><strong>„genter</strong></span> <span class='ocrx_word' id='word_1_243' title='bbox 216 3575 492 3678; x_wconf 70' lang='lat' dir='ltr'><strong>pervestigatum</strong></span> <span class='ocrx_word' id='word_1_244' title='bbox 511 3574 673 3653; x_wconf 82' lang='lat' dir='ltr'><strong>litteram</strong></span> <span class='ocrx_word' id='word_1_245' title='bbox 691 3575 984 3676; x_wconf 65' lang='lat' dir='ltr'><strong>pretermittant.</strong></span> <span class='ocrx_word' id='word_1_246' title='bbox 1122 3648 1126 3662; x_wconf 84' lang='grc'><em>,</em></span> 
     </span>
    </p>
   </div>
   <div class='ocr_carea' id='block_1_3' title="bbox 872 3729 1014 3854">
    <p class='ocr_par' dir='ltr' id='par_1_34' title="bbox 872 3729 1014 3854">
     <span class='ocr_line' id='line_1_35' title="bbox 872 3729 1014 3854; baseline 0.056 -8"><span class='ocrx_word' id='word_1_247' title='bbox 872 3729 1014 3854; x_wconf 53' lang='lat' dir='ltr'><strong>oni?</strong></span> 
     </span>
    </p>
   </div>
   <div class='ocr_carea' id='block_1_4' title="bbox 877 3376 986 3454">
    <p class='ocr_par' dir='ltr' id='par_1_35' title="bbox 877 3346 1177 3459">
     <span class='ocr_line' id='line_1_36' title="bbox 877 3376 986 3454; baseline 0.013 -5"><span class='ocrx_word' id='word_1_248' title='bbox 877 3376 986 3454; x_wconf 85' lang='lat' dir='ltr'><strong>ede·</strong></span> 
     </span>
    </p>
   </div>
   <div class='ocr_carea' id='block_1_5' title="bbox 0 0 1278 4382">
    <p class='ocr_par' dir='ltr' id='par_1_36' title="bbox 0 0 1278 4382">
     <span class='ocr_line' id='line_1_37' title="bbox 0 0 1278 4382; baseline 0 0"><span class='ocrx_word' id='word_1_249' title='bbox 0 0 1278 4382; x_wconf 95' lang='lat' dir='ltr'><strong> </strong></span> 
     </span>
    </p>
   </div>
  </div>
 </body>
</html>
