2494 4404
930 69 935 76 ·
1016 13 1196 136 7·

330 221 417 338 ⁶74
704 213 884 328 origem

20 414 48 493 ,⁸
174 428 180 438 ·
212 495 216 504 ,
293 402 298 416 “
328 399 460 494 „nobis
475 401 666 498 opprobria
680 399 854 500 AEgypti,
886 398 925 477 br
945 409 1096 498 purgata
1119 393 1240 478 luntri-

328 502 406 594 ‚,tia
425 513 665 598 peccatorum.
694 559 703 576 .
732 559 777 579 ...
832 500 874 576 Si
888 522 975 574 vero
992 499 1122 574 iterum
1138 523 1239 597 pecca·

327 601 478 696 „veris,
516 599 648 676 iterum
670 599 708 674 in
734 613 771 674 te
795 616 920 675 vetera
944 598 1175 674 revolvuntur
1194 623 1239 695 oo

330 699 500 798 „probriu
525 698 715 796 graviora,
749 695 788 774 br
812 695 1075 786 cumulatiora,
1112 699 1180 773 imo
1204 699 1239 771 ir·

328 797 493 893 „crilegii
516 797 647 872 scelere
671 799 944 886 condemnaris,
979 798 1065 894 quia
1087 795 1195 872 fastus
1212 819 1239 870 er

328 897 534 994 „templum
555 895 646 986 Dei,
680 925 711 976 1.
729 893 807 972 Cor.
819 903 853 973 b.
873 923 904 970 u.
923 919 979 990 19.
1005 893 1044 972 δι
1062 899 1237 972 membnm

326 995 494 1090 ,‚Chnsti.
520 1053 529 1072 .
555 1053 563 1071 .
589 1053 597 1070 .
641 995 728 1096 'Jam
741 995 808 1071 tibi
821 996 919 1070 enim
933 1019 1007 1068 non
1024 995 1113 1070 licet
1128 995 1237 1091 templo

324 1091 422 1188 „Dei
437 1095 504 1184 uti,
530 1093 594 1168 nisi
612 1095 651 1169 in
668 1093 871 1183 sanllitote,
897 1117 964 1168 nec
979 1095 1146 1169 membra
1160 1097 1236 1170 Chri·

327 1194 461 1288 „iliad
477 1195 664 1289 indignum
680 1215 849 1270 revocare
864 1193 1065 1288 negotium.
1105 1195 1155 1270 Et
1167 1195 1236 1278 ideu

324 1292 377 1387 „sr
394 1292 538 1392 quando
554 1308 591 1367 to
607 1293 716 1370 maiae
733 1291 1030 1389 concupiscentiae
1052 1291 1168 1390 pulsat
1182 1293 1235 1367 ille

324 1390 479 1486 ‚,cebra,
511 1391 602 1468 holli
626 1390 680 1467 illi
707 1413 873 1480 occurre,
906 1390 944 1467 δι
966 1391 1045 1466 dic:
1082 1394 1234 1490 quianon

322 1491 427 1586 „sum
444 1513 567 1584 meus3
603 1503 749 1590 emptus
770 1493 868 1568 enim
889 1490 968 1566 sum
985 1492 1106 1590 pretio
1123 1493 1233 1587 sangui·

320 1593 407 1685 „nis
423 1587 573 1680 Christi,
597 1587 858 1669 &membrum
873 1587 971 1664 illius
990 1588 1143 1666 effectus
1163 1591 1232 1678 suu

319 1687 420 1782 „non
444 1687 530 1762 licet
553 1687 644 1764 milri
667 1687 797 1764 tollere
817 1690 1019 1766 membrum
1036 1689 1187 1778 Christi,
1211 1687 1233 1762 li

318 1789 464 1884 „lacere
493 1787 697 1870 membrum
723 1788 933 1864 meretricis.
994 1787 1064 1862 Dic
1087 1791 1144 1865 ei:
1175 1789 1232 1885 quir

318 1886 523 1986 ,templum
547 1879 616 1962 Dei
639 1885 785 1962 effelbrs
811 1887 908 1976 sum,
948 1909 1022 1960 non
1052 1891 1148 1964 mihi
1173 1890 1232 1962 licet

318 1987 573 2082 „immundum
607 1985 744 2082 aliquid
777 1985 865 2062 illuc
901 1985 1146 2065 introducere.
1172 2047 1179 2064 .
1201 2041 1231 2060 ..

226 2171 234 2193 x
316 2087 430 2179 „Ideo
448 2106 555 2182 ergo,
586 2103 630 2160 ut
648 2085 686 2160 in
704 2085 811 2160 nobis
830 2107 913 2160 vere
929 2082 1087 2160 secunda
1106 2088 1232 2162 circun-

317 2183 427 2279 „cisto
443 2186 686 2283 compleatur,
717 2181 896 2282 purificati
915 2205 1089 2282 corpore,
1123 2187 1161 2262 δι
1176 2207 1239 2260 σοιν

241 2289 258 2364 .‘
315 2287 390 2378 „cle
416 2305 525 2384 puras
558 2285 669 2359 etiam
695 2305 825 2360 manus
851 2281 1014 2358 levemus
1040 2284 1092 2358 ad
1118 2285 1230 2366 Deum,

311 2403 431 2482 „puro
447 2405 590 2480 quoque
605 2405 689 2470 ore,
714 2382 752 2458 lle
768 2383 929 2480 purgatis
944 2381 1064 2473 labiis,
1094 2408 1140 2460 ac
1154 2409 1237 2459 men,

313 2496 378 2574 „te
396 2477 549 2569 sincera,
574 2503 699 2578 prece,
730 2481 768 2557 lle
788 2479 986 2556 altioribus
1005 2481 1228 2576 glorificemus

313 2579 459 2672 „Deum
473 2579 511 2654 in
527 2579 666 2655 Christo
683 2579 764 2680 Jesu
781 2581 938 2654 Domino
955 2577 1099 2668 nostro,
1132 2585 1184 2660 cui
1196 2577 1236 2666 esu

314 2677 512 2856 ”ffilreffl’
546 2677 585 2756 br
607 2679 799 2778 imperium
817 2681 855 2755 in
875 2677 1005 2756 saecula
1023 2679 1226 2760 saeculoruu.

314 2831 341 2874 θ’
417 2801 474 2854 ess-
584 2807 590 2832 Ι
1233 2841 1234 2906 i

559 3067 563 3078 Ι
603 2965 858 3052 'Homrnrn
888 2963 950 3060 VI.

389 3107 453 3200 De
485 3104 662 3225 Paschme
690 3113 732 3196 in
766 3109 931 3220 Golgolo
959 3105 1161 3198 celebrato.

130 3301 273 3389 rusciae
315 3305 345 3360 1.
355 3281 462 3412 „El
473 3279 622 3378 frenant
633 3281 707 3380 filii
722 3279 829 3380 Israel
839 3277 964 3380 Posclm
980 3291 1104 3378 quarto
1120 3278 1186 3364 deci

126 3387 250 3458 madir
366 3415 372 3428 κ
471 3379 809 3480 „dienoenstsprimi
842 3377 968 3556 ρης.
991 3405 1097 3456 uro.
1155 3377 1205 3453 No

125 3471 255 3546 wll·
309 3480 431 3579 „enim
452 3493 536 3554 ante
558 3478 861 3554 circumcisionem
895 3499 1002 3554 acere
1015 3477 1151 3554 Pascha

124 3557 262 3650 illm·
307 3593 474 3676 „terant,
499 3576 558 3651 sed
577 3599 693 3672 neque
709 3577 825 3654 statim
840 3576 916 3676 post
932 3573 1174 3654 circumcisor

165 3665 196 3714 '⁰'
216 3661 247 3734 ·²'
304 3701 461 3798 ,carnes
475 3677 560 3788 agni
575 3678 784 3776 comedere,
807 3693 1002 3778 autequam
1015 3675 1213 3858 &ungitur

879 3785 886 3816 l
1028 3851 1035 3869 μ’
1093 3799 1120 3869 ,3
1153 3795 1186 3844 ω
