2504 4390
117 281 163 338 ·.
256 223 440 336 Humilia
468 251 510 334 in
538 237 770 359 Jerimiom.
902 265 984 362 871
1059 240 1074 330 ’.

29 431 227 524 „hostium
250 434 393 510 vincula
410 431 663 508 restrinxerant
688 455 838 520 manum
873 433 911 509 dr
929 437 985 508 niv
1032 471 1051 512 ο

30 533 274 621 „hilominus
299 533 386 608 haec'
406 533 677 628 quodammodo
700 534 844 608 dicebat
862 531 982 610 Deus:

30 633 167 721 „Ecce
185 631 318 727 captivi
343 633 425 707 fatti
445 631 545 720 estis,
580 633 678 728 agite
700 633 787 707 licet
811 633 886 706 sero
907 655 983 730 poe-

31 730 282 820 „nitentiam,
307 743 431 828 rogate
450 755 528 818 me,
554 731 594 806 dt
614 754 758 828 paream
778 734 893 806 vobis.
911 791 919 806 .
941 791 949 807 .
969 792 979 812 .

32 829 541 920 ‚‚Haecautem&denobis
560 829 1028 928 poffumusiut'eliigerep
1145 867 1146 872 ,
1221 893 1224 904 .

22 927 91 1018 '„sr
110 929 397 1026 peccaverimus,
423 929 461 1006 δι
479 953 546 1006 nos
564 931 696 1026 captivi
713 929 826 1006 futuri
844 930 977 1015 sumus,

28 1027 108 1118 „dc
122 1029 297 1104 tradimur
313 1027 459 1126 spiritali
475 1029 820 1117 Nabuchodonosor,
836 1029 895 1106 seu
912 1031 979 1104 Sa·
1035 1087 1067 1136 η,
1086 1085 1131 1148 4,,
1244 1053 1251 1072 ’

27 1143 165 1216 ‚,tanae
192 1129 388 1224 captivanti
414 1129 555 1207 animas
585 1151 734 1215 eorum,
775 1131 837 1224 qui
870 1130 978 1203 reliu-
998 1133 1024 1166 ‘³
1084 1133 1086 1140 ‘
1183 1121 1186 1140 '

29 1239 228 1324 „quuntur
246 1251 267 1301 a
285 1227 373 1302 Deo.
412 1226 496 1302 Hoc
510 1241 633 1300 autem
647 1226 835 1323 adjacente
850 1227 978 1302 sermo·
1066 1254 1071 1267 ’
1133 1277 1137 1290 ·
1173 1229 1181 1242 “

30 1349 137 1415 „nes
152 1325 436 1422 Prophetarum,
462 1327 643 1400 sermones
660 1326 772 1422 legis,
800 1325 980 1402 sermones

28 1421 349 1522 „Apostolorum,
389 1423 570 1500 sermones
596 1428 707 1500 etiam
737 1427 904 1512 Domini,
924 1426 980 1510 t&
1156 1477 1159 1484 ι

28 1524 272 1615 „Salvatoris
304 1521 411 1600 nostri
444 1524 522 1629 Jeiu
554 1523 684 1600 Christi
715 1525 906 1602 hortautur
934 1526 982 1601 ad
1037 1589 1038 1594 ,

29 1626 342 1722 „poeniteutiam,
375 1635 574 1720 provocant
597 1623 645 1700 ad
668 1623 836 1706 salutem:
871 1623 983 1702 srau-
1091 1627 1094 1639 '
1143 1718 1146 1725 Ι

31 1724 408 1813 ,μεωειυάἰεήιηυῆ
435 1724 617 1798 credimus
639 1725 691 1807 ei,
717 1725 778 1819 qui
797 1725 906 1800 dixit:
934 1723 984 1798 Er
1079 1801 1082 1819 ,

31 1849 132 1921 „ego
152 1824 371 1920 puniendam
399 1847 500 1921 agam
524 1821 564 1896 de
589 1820 733 1896 omnibus
763 1825 880 1911 rnoiir,
914 1837 988 1920 quor
1034 1895 1037 1901 .

30 1915 195 2014 „loconis
207 1920 305 2020 stou,
323 1923 508 2020 facereris.
535 1918 618 2024 ⁰Jen
633 1935 689 2006 18.
710 1946 741 1998 v.
757 1937 800 2007 8.,

59 2168 63 2177 ·
110 2145 144 2193 2.
172 2115 282 2205 „Post
297 2118 511 2214 prooemium
527 2116 578 2192 ita
595 2113 766 2213 scriptum,
781 2114 849 2210 eii:
867 2115 979 2213 soiius
1000 2141 1076 2226 Quis
1089 2157 1164 2223 gnr-

33 2221 110 2317 „est
124 2215 233 2316 sermo
253 2215 390 2290 Domini
410 2219 457 2313 od
476 2243 545 2290 eum
570 2213 816 2316 (Jeremiam).
863 2217 980 2290 Prior»
995 2235 1049 2300 trs,
1064 2223 1164 2293 &rr-

33 2341 168 2414 „quam
186 2328 216 2390 te
232 2315 428 2415 pldsmurem
445 2318 478 2394 in
495 2327 609 2400 utero,
644 2317 720 2391 noui
735 2326 785 2404 re,
815 2313 854 2390 di
868 2318 979 2414 priur-
995 2327 1059 2408 Ψ
1072 2329 1106 2372 θ’
1107 2327 1143 2372 1⁸·

34 2441 169 2512 „quam
184 2417 288 2490 exires
302 2413 343 2490 ¹de
356 2415 468 2503 uulua,
479 2411 686 2512 sondir'ficovi
699 2425 752 2489 re,
766 2411 847 2518 Jer.
861 2441 890 2490 1.
901 2443 931 2490 v.
944 2439 976 2512 5.
996 2393 1098 2463 ‘imi'
1140 2411 1154 2444 '

35 2515 157 2606 „Hoc
185 2536 383 2610 numquam
413 2514 460 2589 ad
486 2509 603 2589 ullum
630 2513 893 2612 Prophetarum
926 2517 981 2590 di·
1038 2499 1069 2541 '¹‘
1090 2493 1122 2560 ⁵·

35 2614 169 2704 „dium
197 2613 412 2691 invenimus.
441 2671 450 2688 .
479 2669 522 2688 ..
570 2611 699 2710 Neque
726 2636 813 2690 vero
839 2613 982 2709 ignora*
1040 2639 1072 2686 rr.
1089 2617 1120 2682 6.

37 2736 177 2803 „mus,
204 2715 265 2806 qui
288 2711 350 2788 ista
373 2711 531 2786 referant
546 2709 649 2808 super
665 2711 824 2792 Domino
843 2713 982 2806 nostro,

39 2812 111 2902 „aa
139 2808 329 2886 Salvatore
356 2810 435 2912 Jesu
464 2809 624 2898 Christo,
660 2809 860 2894 dedicunt,
900 2833 984 2910 quaa

36 2912 214 3002 „minora
234 2912 333 2996 sunt,
365 2935 439 2985 non
454 2909 675 2986 conveniunt
692 2909 892 2996 salvatori,
925 2909 985 2986 sed
1015 2965 1018 2972 ,
1092 2977 1094 2982 Α

37 3011 258 3110 ‚,Jeremiae‚
282 3011 353 3084 alia
370 3033 476 3097 vero,
503 3027 585 3104 quoe
601 3011 639 3083 in
656 3021 830 3085 contextu
847 3009 985 3109 majora
1103 3044 1124 3090 κ

40 3111 175 3197 „suun
206 3133 282 3184 ‘non
317 3111 484 3197 eremiae‚
519 3105 579 3182 sed
597 3105 746 3184 Christo.
799 3107 878 3188 Nos
898 3133 987 3184 vero.
1052 3155 1055 3158 -
1106 3161 1108 3169 ,

43 3207 202 3298 „cunda
229 3209 276 3282 ad
318 3209 489 3295 eremium
514 3204 647 3281 referre
673 3208 914 3294 tentabimus,
936 3209 986 3286 -dc
1030 3271 1032 3279 ,

43 3307 239 3404 „inprimis
255 3307 364 3381 iilud:
403 3305 561 3407 Constitui
581 3319 611 3380 te
629 3305 722 3381 hodie
736 3307 837 3407 super
856 3321 985 3408 gentes,
1047 3344 1079 3392 n.
1094 3339 1126 3406 7.
1193 3375 1200 3396 ,

42 3407 115 3497 „85
133 3431 256 3504 reguo,
282 3405 469 3494 erodicorr,
493 3403 533 3482 ὃ
545 3403 738 3504 disperdere.
764 3432 796 3480 v.
811 3435 866 3490 ro.
900 3409 987 3494 Qui-

45 3509 220 3602 „cunquo
246 3505 346 3582 enim·
372 3529 392 3580 a
423 3505 503 3578 Deo
530 3507 669 3603 accepit
699 3508 807 3582 verba
837 3507 989 3582 coelestis

45 3604 232 3699 „eloquii3
259 3605 394 3679 idcirco
411 3605 615 3701 mercipit,
641 3621 683 3680 ut
698 3619 838 3700 gentes,
863 3629 991 3700 regna,

49 3727 153 3801 „que
176 3704 355 3798 eradicet,
390 3719 499 3800 atque
522 3701 728 3794 subvertat,
759 3702 893 3782 seilicet
915 3709 992 3780 ani·

98 3843 101 3850 ·
474 3803 579 3900 lii4
885 3829 993 3897 „mas
