2504 4390
215 189 399 294 Humana
426 205 470 290 a
500 186 731 315 serendam.
815 213 928 314 aas

17 375 142 474 „nostro
158 387 311 486 positum
330 389 526 464 habemns:
553 386 765 464 savolumus
782 386 853 462 hoc
868 405 931 464 ve·
957 357 968 392 s
1033 437 1038 454 ·
1138 431 1141 438 ·

17 490 144 574 „samen
160 489 351 586 deponere,
377 489 425 562 ad
443 489 592 562 honoris
605 509 718 584 opem
733 487 929 562 contenda·

17 611 116 673 ,mua
133 624 146 661 ·.
166 647 174 661 .
195 646 204 664 .
254 587 296 664 si
313 585 505 661 conversus
517 585 630 661 fueris
646 585 693 660 ad
710 585 929 674 Dominum,
985 645 1015 688 „⁸
1034 601 1067 708 9

17 699 111 772 „tunc
130 688 273 762 auferes
292 685 477 774 velamen,
510 707 544 761 v.
562 705 597 780 g.
618 683 644 758 si
664 685 703 758 in
724 687 846 760 anima
865 709 930 760 no·
1068 703 1070 708 ’

17 784 94 870 „sira
116 787 165 860 ira
187 783 355 860 adversus
373 783 580 882 quempiam
598 781 789 869 insederit,
815 785 932 892 impo-
997 787 1000 794 ’

17 883 127 969 ,snum
149 883 198 957 est
218 884 383 958 velamen
408 881 510 978 super
538 881 670 958 seciam
703 882 874 975 nostram:
906 881 932 960 si

17 983 114 1069 ,iram
134 981 422 1082 deposuen'mus,
458 979 560 1056 simul
580 979 618 1056 δι
643 977 932 1066 velamemause·

17 1105 145 1166 „remus
157 1108 164 1155 :
178 1080 373 1169 similiter,
399 1079 424 1154 st
444 1095 572 1154 omnes
587 1079 698 1156 animi
714 1077 935 1156 a‘ssestiones:

17 1182 139 1264 „donec
160 1195 285 1256 autem
306 1181 367 1270 hae
389 1179 473 1254 sunt
495 1179 532 1253 in
556 1193 699 1266 mente,
734 1179 773 1255 de
796 1184 933 1277 cogita·

17 1281 123 1363 „tione
139 1279 277 1364 nostra,
312 1279 462 1376 principi
479 1279 611 1355 animae
630 1278 796 1354 facultati
817 1283 933 1376 impo-

17 1377 127 1463 .,snnm
150 1377 200 1452 est
219 1377 407 1464 velamen,
441 1375 479 1452 dc
501 1377 718 1472 ignominia,
752 1402 796 1452 ne
817 1379 932 1476 splen·
1010 1457 1013 1464 ,

17 1479 189 1564 ,dentem
210 1470 278 1552 Dei
319 1477 472 1573 glutiam
504 1477 704 1552 videamus.
741 1477 844 1554 ‘Non
882 1478 933 1553 est

17 1577 145 1664 ,Deum
179 1576 241 1674 qui
263 1575 416 1672 gloriam
435 1575 535 1650 suam
558 1575 704 1652 anobis
725 1575 932 1667 abscondit,

17 1677 85 1760 ,sed
101 1701 188 1770 nos,
215 1676 278 1772 qui
295 1675 460 1750 velamen
475 1673 626 1773 malitiae
645 1677 760 1750 menti
778 1677 932 1776 imponi·

17 1799 117 1870 „mun
169 1775 261 1875 Quia
282 1799 392 1850 coram
412 1773 485 1848 Deo
505 1773 609 1873 nostro
627 1777 851 1871 peccavimw,
875 1797 934 1851 nos
965 1803 997 1846 a.
1019 1803 1067 1846 ιο.
1113 1847 1117 1858 ,

17 1874 68 1958 ,ss
81 1875 195 1950 Pastas
211 1877 319 1976 nostri.¹
348 1899 377 1948 a.
392 1899 449 1967 25.
492 1871 695 1948 Utinam&
712 1895 780 1946 nos
797 1873 932 1949 dicere·
1025 1923 1028 1932 ι

17 1997 125 2054 ‚‚mus:
152 1975 376 2074 peccavimus,
410 1996 483 2047 non
500 1993 586 2044 vero
607 1990 810 2067 peccamus.
861 1975 933 2061 Qni

17 2075 120 2156 ,enim
139 2070 261 2148 adhuc
276 2074 315 2147 in
332 2085 481 2169 peccato
500 2067 570 2158 est,
596 2093 642 2144 ne
657 2071 781 2158 dicat,
807 2095 933 2166 pecca·
978 2099 982 2110 ·

17 2173 162 2255 ,vimust
198 2173 363 2268 quivero
383 2189 491 2246 antea
512 2171 694 2267 peccavit,
724 2169 761 2246 st
782 2171 933 2267 dingen·

17 2283 100 2356 ,tem
117 2271 365 2369 poenitentiam
382 2272 475 2364 egit,
504 2271 536 2343 is
550 2269 667 2358 dicat,
693 2274 931 2365 peccavimus.
1045 2279 1049 2284 '

17 2370 76 2454 ,Et
100 2393 166 2444 nos
191 2371 301 2466 igitur
326 2368 564 2445 confiteamur
587 2367 734 2464 peccata
746 2423 757 2456 ,
793 2373 933 2446 utinam
949 2393 1072 2464 Peccata

17 2493 100 2552 ,non
121 2467 284 2544 hesterno
305 2463 386 2556 die,
416 2493 489 2542 non
512 2479 597 2542 ante
617 2465 819 2544 hesternum
835 2493 934 2544 com·
949 2489 1052 2546 omitto
1077 2548 1079 2572 Ι

17 2568 136 2656 amissa,
160 2567 221 2644 sed
236 2581 384 2664 peccata
400 2579 485 2642 ante
506 2589 622 2640 annos
640 2567 766 2642 decem
782 2567 819 2644 ὅ(
834 2573 936 2665 quin·
950 2565 1111 2650 conflanda

17 2690 96 2762 „que
113 2680 278 2766 patrata,
311 2666 411 2742 nulla
428 2679 477 2739 ex
499 2689 543 2740 eo
564 2678 727 2764 tempore
746 2669 937 2762 iniquitate
960 2657 964 2680 '

17 2758 183 2852 „admissa
244 2765 309 2841 Sin
337 2779 462 2842 autem
494 2763 573 2839 heri
603 2767 854 2862 peccavimuS,
892 2767 938 2840 de

17 2863 276 2962 ,iniquitatibus
298 2864 424 2939 nostris
447 2859 663 2938 confitentes
685 2866 847 2939 nondum
867 2864 939 2939 fide

17 2964 126 3060 „digni
140 2965 287 3052 sumus,
318 2987 434 3060 neque
454 2957 576 3036 iocum
597 2963 706 3038 habet
727 2964 860 3039 horma
878 2987 940 3042 ve·
1060 3031 1062 3036 ,

17 3063 90 3149 „nia
109 3079 362 3161 peccatorum,
396 3063 548 3158 quoniam
564 3065 768 3160 peccavimus
788 3089 867 3151 nos,
902 3059 942 3139 sd
965 3117 970 3168 9

17 3161 142 3246 „Patres
157 3165 259 3336 ntcliri
274 3161 316 3236 ob
334 3157 547 3258 odolescentia
570 3161 788 3258 noscensque
806 3165 840 3238 in
858 3163 943 3236 diem

17 3259 128 3343 ‚‚hoac:
161 3261 227 3337 ila
252 3262 399 3358 quidem
420 3257 513 3334 alias
538 3258 630 3333 dina
647 3257 715 3334 sint
736 3261 784 3336 ad
799 3261 943 3337 traden-

17 3359 115 3444 „dum
139 3361 291 3459 optimae
314 3355 540 3434 confeffionis
565 3359 735 3448 modum;
775 3361 854 3435 haec
877 3382 943 3434 au·

17 3471 106 3544 „tem
123 3459 205 3536 sunt
222 3459 403 3536 diuturnae
421 3457 594 3554 peccandi
610 3457 820 3534 assiduitatis
837 3480 943 3538 accu·
1073 3523 1075 3530 ,

17 3555 129 3642 „satio
158 3616 167 3635 .
197 3621 205 3638 .
235 3617 243 3634 .
294 3559 434 3632 Deinde
455 3553 716 3652 resipiscenteS,
743 3558 943 3636 &initium
978 3581 982 3586 ·

17 3655 274 3758 „conversionis
299 3652 617 3830 habentffijuntz
650 3656 691 3734 Β
700 3720 701 3723 ,
715 3683 779 3735 aon
800 3655 944 3740 obedias·

37 3775 41 3786 ’
302 3785 306 3790 ’
549 3779 571 3834 2
853 3781 943 3838 mam
