2470 4396
47 313 48 366 Ν
366 221 454 315 41'2
622 219 627 228 '
748 191 930 310 'origenis

187 380 191 389 ¹
234 423 313 490 ιη,
367 394 483 476 ‚3r're'at
500 383 583 459 linis
603 365 727 472 illius,
746 385 810 482 ¹qui
823 407 912 460 vere
928 381 1171 460 munuum

367 479 478 575 „Lon
499 509 558 658 τῇ
573 509 612 557 n..
629 509 685 564 12·.
694 483 768 582 sqq.
820 483 924 560 Sicut
946 507 1033 580 ergo
1053 495 1130 558 nuc
1168 482 1173 494 ·

239 569 244 622 ¹
292 644 297 662 ,
366 581 444 676 „eli
461 582 509 657 ad
560 605 617 669 oe,
640 596 683 657 ut
702 581 837 657 faceret
854 605 987 671 arcam,
1002 583 1041 660 or
1054 581 1176 656 introdu

184 685 190 700 “
366 677 549 774 „inillam
564 707 638 759 non
652 683 765 756 solum
781 681 889 770 filios,
906 705 1032 758 verum
1044 677 1182 756 etiamdl

365 782 534 876 „generis
552 780 739 856 animalia:
766 781 818 856 ita
838 785 948 857 etiarn
970 780 1174 862 adnostrum

364 877 592 971 „Dominum
609 879 726 981 Jesum
742 879 920 956 Christum
936 881 975 956 in
989 879 1175 956 consumma

268 1011 270 1018 '
363 979 605 1070 „saeculorum
622 977 755 1055 ditium
772 979 821 1056 est
836 1005 858 1054 a
874 981 994 1071 Patre,
1015 991 1060 1056 ut
1075 979 1178 1058 tacere

362 1101 533 1169 naseam,
553 1079 604 1154 >id
629 1078 696 1165 est,
730 1077 936 1178 Euclefiam.
964 1137 972 1156 .
1001 1137 1009 1155 .
1037 1083 1055 1153 .‘
1100 1077 1165 1151 Con

360 1199 476 1274 „ergo
493 1178 647 1276 populus
665 1177 743 1266 hic,
771 1180 833 1276 qui
850 1173 1005 1254 saliatur
1023 1178 1062 1252 in
1077 1174 1172 1252 Eccle

360 1277 435 1368 „lis
456 1279 645 1367 omnibus,
676 1278 739 1373 qui
763 1276 889 1353 salvati
910 1277 990 1352 sunt
1013 1279 1051 1351 in
1076 1297 1166 1360 arca,

203 1425 211 1436 ν
293 1423 296 1432 ·
357 1399 458 1468 „non
475 1401 586 1451 unam
604 1377 741 1474 praebet
757 1377 927 1452 omuibus
942 1371 1170 1458 manlionern,

309 1474 318 1502 '
359 1474 425 1566 „tr
442 1475 479 1549 in
496 1473 673 1565 Ecclesia,
699 1475 786 1551 licet
801 1499 928 1553 ornnes
943 1477 1038 1551 iutra
1057 1495 1158 1550 unam

359 1574 658 1665 „·contineantur,
689 1589 797 1678 atque
822 1599 896 1650 uno
917 1576 1131 1672 baptismate
1171 1570 1176 1582 '

251 1712 254 1720 »
357 1685 464 1764 „tur,
498 1699 570 1748 non
595 1687 718 1750 tamen
743 1696 840 1750 uuus
863 1675 1032 1752 omnibus
1059 1669 1186 1768 atquei

306 1859 307 1864 Ν
357 1771 561 1870 „profettus
579 1773 649 1863 est,
671 1771 731 1848 sed
748 1774 995 1871 unusquisque
1013 1773 1054 1846 in
1072 1771 1131 1847 suo
1150 1787 1182 1840 or

352 1871 435 1962 „Hi
458 1871 627 1968 quidem,
657 1875 719 1970 qui
747 1895 811 1972 per
833 1871 1086 1950 rationabilem
1110 1869 1186 1943 scien

290 1971 296 1991 ⁸
356 1971 530 2062 ‚,vivunt,
563 1971 742 2048 &idonei
765 1971 844 2047 sunt
864 1996 938 2049 non
955 1969 1071 2046 solum
1090 1968 1172 2042 some

356 2092 529 2166 „regore,
564 2071 624 2146 sed
646 2071 684 2148 δι
701 2071 793 2146 alios
813 2071 960 2164 docere3
996 2070 1160 2166 quoniam

241 2265 242 2270 Ἰ
356 2169 481 2262 „sunt,
514 2170 551 2244 in
570 2169 774 2246 summitate
794 2191 889 2247 aroae
908 2168 1147 2244 collocantur:

356 2291 466 2358 „rum
493 2267 690 2345 multitudo
718 2268 980 2344 irrationalium
1007 2265 1151 2342 animali

356 2367 612 2457 „inferioribus
636 2369 726 2444 locis
749 2367 927 2457 habitant,
961 2366 1001 2442 δι
1022 2387 1147 2440 eorum
1177 2459 1182 2472 Ι

213 2485 221 2502 ’
350 2489 460 2556 ,‚me,
485 2489 639 2564 quorum
657 2469 811 2543 feritatis
830 2466 1002 2543 saevitiam
1021 2487 1091 2540 nee
1112 2461 1185 2538 fider

187 2569 215 2602 ⁵
259 2571 261 2578 ’
296 2619 298 2624 .
349 2565 468 2654 „cedo
494 2564 661 2642 mollivit.
713 2565 925 2666 Superiores
949 2585 1034 2638 vero
1062 2562 1176 2657 aliqua

223 2734 232 2744 ,
298 2751 300 2757 ,
347 2663 494 2754 „abhis
511 2663 610 2750 lunt,
644 2667 706 2764 qui
725 2665 812 2740 licet
833 2667 953 2740 minus
973 2663 1145 2750 rationis,

239 2830 243 2840 .
347 2783 477 2854 „mum
495 2777 617 2838 tamen
636 2763 894 2862 simplicitatis,
920 2762 1181 2854 innocentiaequ

349 2860 544 2953 „stodiunt,
565 2863 603 2940 lic
616 2863 663 2938 sro
677 2885 741 2962 per
756 2863 912 2958 singulos
925 2861 1185 2938 habitationum

345 2960 449 3051 „dus
470 2964 675 3057 pervenitur
696 2963 743 3038 ad
766 2962 879 3060 ipsum
894 2961 994 3049 Noe,
1029 2959 1095 3055 qui
1116 2959 1181 3035 inte

300 3093 313 3134 s
351 3071 478 3151 „tatur
513 3065 682 3162 requies,
722 3059 783 3142 vel
817 3059 960 3160 lullus,
998 3061 1063 3154 qui
1105 3055 1151 3133 est

350 3157 549 3254 „christun
824 3168 827 3172 ·

1167 1072 1181 1146 *Vb

110 3318 111 3332 ,
170 3359 316 3432 mmm
422 3381 457 3454 4,
481 3357 594 3432 Porro
610 3356 785 3452 quadrata
802 3355 901 3452 ligna
915 3323 1022 3441 arcae,
1048 3373 1172 3450 quaen

148 3449 337 3534 lignaque„
349 3453 488 3544 „solida
508 3453 699 3540 stabilitate
719 3454 929 3540 conlistunt,
953 3452 1130 3538 arbitror,

168 3531 323 3685 “lgm‘'
348 3575 432 3643 „res
456 3553 523 3628 elle
542 3556 579 3627 in
600 3552 777 3642 Euelefia,
809 3555 871 3650 qui
893 3553 930 3632 (ir
950 3551 1105 3650 populos
1124 3551 1159 3622 ln

208 3718 237 3769 u.
257 3717 288 3786 4,

346 3675 439 3752 „cus
463 3651 594 3758 positos
621 3655 730 3738 uerbo
757 3650 1076 3746 conuentionis,
1102 3645 1177 3736 &d
