2546 4382
215 235 400 328 Homilr'ae
429 235 473 325 in
498 231 735 352 Jeremiam.
858 183 955 352 931ζ
999 177 1006 248 ἶ

74 451 111 524 4.
140 421 267 526 „Quia
278 421 391 521 stadio
413 426 454 524 est
470 422 580 523 firmo
602 423 743 502 Domini
766 424 801 501 in
826 445 945 524 oppro-
966 440 1102 510 Manat.

8 523 137 614 ,brr'nm
157 524 247 599 milri.
316 548 361 599 er.
379 549 438 600 20.
462 547 493 598 v.
515 540 548 610 8.
599 525 740 602 Beatus
778 525 945 613 eremias,
966 525 1026 604 aa,
1046 527 1086 598 Β

9 627 89 712 ,cui
106 644 179 698 non
195 623 269 698 aliu
309 622 359 696 est
376 622 587 721 opprobrio,
613 647 723 721 quam
755 645 856 700 ermo
871 623 946 698 Do·
965 611 1116 736 ⁶⁰³fi⁴s⁸⁰t

9 723 139 816 ,mini3
177 743 245 796 nos
270 735 395 797 autem
420 720 559 812 miseri,
598 723 730 820 quibus
753 721 945 822 opprobrio
961 705 1088 780 ''W''

9 821 81 912 ,est
98 845 172 896 non
188 820 351 898 Verbum
367 819 536 908 Domini,
567 821 628 896 sed
671 835 796 898 eccata
816 819 943 898 nostrai.
963 791 1126 950 mm,

9 923 103 1011 ,Pro
121 920 220 995 vitiis
243 919 369 995 nostn's
391 920 583 996 melediiia
602 921 643 996 su
672 922 824 998 nemus.
872 920 944 999 Ve·
965 941 1104 1014 mm,
1153 983 1165 992 ,

10 1042 114 1111 ,rum
134 1018 303 1095 Salvator
318 1019 510 1094 non'hisce
527 1041 595 1095 nos
614 1021 816 1119 opprobriis
834 1045 946 1097 vexa·
1007 1053 1039 1100 ιι.
1058 1044 1090 1114 8.

10 1121 61 1207 ,ri
80 1118 180 1206 vult,
218 1117 278 1193 sed
299 1133 445 1216 propter
463 1143 598 1194 nomen
619 1118 734 1195 suum.
774 1119 896 1195 Morti.
911 1143 945 1215 5.

10 1243 62 1308 ,ra
78 1243 134 1293 11.
137 1216 211 1318 sqq.
264 1217 457 1292 Considera
476 1217 628 1308 deinde,
655 1241 767 1316 quam
783 1217 947 1295 sthro·

12 1317 154 1416 ,phetae
175 1315 321 1392 candidi
339 1317 524 1407 homines,
550 1341 624 1392 non
644 1315 747 1394 srcuti
768 1341 837 1394 nos
855 1319 946 1394 faci-

12 1439 129 1506 ,mua
156 1427 303 1514 peccata
320 1417 462 1513 propria
480 1415 721 1506 occultantes,
746 1419 807 1493 sed
823 1417 946 1516 palam

13 1513 170 1610 ,cunttis
195 1515 489 1612 generationibus
512 1515 695 1606 dicenteS,
727 1514 841 1614 siquid
865 1541 948 1616 pec·
1079 1559 1090 1592 x.
1177 1559 1183 1586 .

7 1629 173 1705 ,carum
207 1613 269 1689 Sic
283 1615 457 1714 Jeremias
476 1615 579 1690 suum
599 1630 790 1714 peccatum
809 1616 872 1692 scri
899 1618 948 1704 tis

7 1713 239 1805 ,mandavit3
277 1728 468 1810 peccatum
488 1715 585 1788 enim
604 1727 703 1802 erat,
741 1717 841 1813 quod
866 1641 950 1792 dm
995 1775 997 1782 .
1086 1737 1098 1750 ‘

7 1871 10 1896 ‚
27 1815 150 1888 ditur:
184 1811 236 1888 Et
251 1812 345 1887 dixit
371 1839 435 1887 non
454 1811 627 1886 nominabo
648 1837 761 1888 nomen
785 1813 947 1902 Domini,

7 1941 91 2002 „nec
119 1913 236 2008 loquor
259 1911 350 1986 oltra
376 1913 560 1986 innomine
585 1913 694 2012 ipstus.
726 1939 759 1988 v.
777 1938 811 2009 9.
862 1913 948 1988 Hoc

7 2013 125 2102 „dicit
161 2012 311 2086 humani
346 2011 484 2109 aliquid
519 2009 659 2110 padue,
696 2015 804 2109 =quod
841 2013 949 2088 nobis

7 2113 148 2201 ,etiam
165 2108 231 2184 usu
251 2109 375 2185 venire
394 2109 504 2199 solet,
531 2109 692 2186 maxime
709 2133 816 2200 vero,
841 2109 949 2210 siquis

8 2211 98 2302 ,srbi
115 2209 276 2286 conscius
294 2207 364 2298 est,
392 2209 427 2282 se
443 2210 490 2284 ob
510 2209 728 2299 dottrinam,
757 2209 797 2288 dt
816 2209 950 2286 sermo·

9 2333 121 2402 ,nem
137 2307 332 2404 aliquando
347 2308 443 2384 male
457 2307 558 2384 fuiffe
574 2308 758 2398 habitum,
783 2309 876 2408 saepe
894 2309 950 2386 di·

10 2411 106 2501 .‚cit:
133 2407 243 2498 abeo,
270 2408 356 2504 quid
374 2407 464 2482 mihi
481 2405 520 2483 dr
536 2407 693 2502 negotiis
712 2405 746 2482 sr-
760 2419 949 2505 propterea
1098 2431 1106 2440 ·
1236 2403 1238 2410 ’

11 2509 122 2599 „odio
140 2507 235 2598 sum,
259 2506 358 2604 quod
372 2506 545 2592 doceam,
567 2505 606 2581 dt
620 2505 801 2603 proferam
816 2507 950 2584 sermo·
1017 2561 1023 2574 =

12 2605 131 2700 ,nest
154 2628 218 2682 cur
232 2630 306 2682 non
324 2606 445 2704 potius
463 2606 501 2680 in
518 2603 769 2695 solitudinem,
794 2606 833 2684 dt
850 2607 951 2704 quie·

13 2723 113 2798 ,tem
129 2728 190 2781 me
203 2703 377 2782 confero‘.²
408 2703 496 2780 Tale
513 2703 700 2802 quidpiam
714 2704 753 2782 dt
767 2705 951 2804 Propheta

13 2803 153 2906 ,padus
177 2803 236 2880 est.
286 2805 361 2881 Sed
389 2803 507 2880 bonus
522 2801 713 2879 'Dominus
739 2804 875 2894 voluit,
910 2817 953 2882 ut

14 2905 221 3003 ,Propheta
234 2903 569 3002 praevaricationem
585 2903 783 2993 invocaret,
798 2902 838 2980 dr
853 2903 952 3000 quod

15 3006 201 3097 .,dixerat,
238 3025 279 3078 re
306 3027 379 3079 non
407 2997 610 3102 praestarem
647 3025 734 3082 nam
757 3003 869 3100 soiius
897 3005 953 3104 est,

16 3105 177 3201 ‚,inquit,
202 3101 316 3180 senno
333 3101 481 3178 Domini
500 3103 536 3176 irr
551 3097 647 3177 corde
668 3127 735 3177 meo
751 3105 841 3203 quast
864 3101 955 3201 ignis

17 3204 180 3298 ,oreiam
212 3228 307 3278 arms
325 3204 359 3276 in
375 3199 489 3304 offibus
508 3201 608 3289 meis,
638 3200 679 3278 ΕΞ
695 3199 863 3304 diffinietur
871 3199 954 3374 (um

18 3303 122 3398 ,andi
142 3329 201 3392 oe,
234 3300 275 3380 Εἰ
297 3326 362 3378 nm
380 3298 507 3402 poffirm
529 3301 634 3398 serre.
660 3325 693 3376 v.
712 3327 746 3398 9.
782 3299 871 3376 srmu
910 3321 954 3374 ac

19 3327 222 3494 ,cordesius
243 3399 291 3476 est
308 3416 497 3499 peccatum
517 3397 711 3498 Ieremias,
742 3399 834 3476 illud
855 3397 953 3494 abje-

20 3506 103 3596 .,cit.
155 3501 305 3579 Utinam
332 3498 371 3576 dr
400 3523 468 3596 ego
498 3497 619 3574 statim
646 3512 755 3597 atque
784 3497 954 3596 peccavi,

21 3601 212 3695 ,sentirem
228 3601 265 3676 in
275 3599 384 3676 corde
401 3623 483 3674 meo
497 3598 619 3692 ignem
632 3600 833 3688 ardentem,
849 3620 957 3672 uren·

21 3717 122 3798 „tem
139 3703 177 3810 in'
195 3697 325 3777 ombus
340 3698 452 3786 meis,
485 3697 537 3771 ita
555 3709 597 3772 ut
615 3697 710 3778 ferre
726 3722 800 3775 non
820 3690 956 3795 poffim.
1015 3720 1047 3767 rr.
1064 3721 1096 3787 9,

440 3796 595 3878 Nnna
629 3863 631 3870 ,
843 3795 983 3889 „Quia

1244 355 1249 408 r

1247 472 1250 532 r
