2500 4392
182 247 185 260 ¹
217 206 401 306 Homiiiae
427 210 483 297 in·
501 207 683 328 Pfltlrrtos.
827 237 920 327 πῃ

7 395 203 488 ,nitatibus
217 396 354 490 nostris.
453 453 461 471 .
514 395 636 490 Primo
651 397 747 480 enim
765 419 836 478 nos*
852 399 918 490 do·
1033 390 1035 410 '

7 513 74 586 ,cet
98 497 156 574 hic
176 495 361 582 psalmus,
384 495 482 592 quod
505 497 675 572 convenit
696 493 771 594 post
793 519 919 594 pecca-

7 611 95 684 ‚tum
128 593 292 672 confiteri
322 609 532 696 peccatum,
573 593 612 671 dt
633 595 672 672 in
704 595 919 675 memoriam

7 695 194 784 ,recordari
227 694 419 784 delictum,
460 709 503 770 ut
538 715 602 794 per
630 693 919 776 recordationem

7 795 132 892 ,culpae
158 791 378 876 stimulatum
403 815 466 872 cor
496 815 560 892 pro
587 791 715 870 delicto
740 793 802 870 suo
826 795 920 873 inte·

7 896 84 986 ,rim
108 892 276 970 refraenet
300 917 343 970 ac
365 907 530 982 revocet,
562 893 696 991 nequid
721 893 795 970 tale
822 894 925 990 ultra,

7 993 240 1080 committat:
265 991 304 1071 dc
323 1005 512 1090 propterea
537 1006 624 1088 puto
651 992 920 1092 superscriptum

7 1092 82 1182 ,effe
106 1092 220 1189 ipsum
236 1091 435 1168 Psaimum:
461 1091 610 1190 Psalmis
626 1091 745 1168 David
763 1095 798 1168 in
813 1119 922 1169 recor·
1000 1120 1002 1130 ⁸

7 1193 187 1280 ‚datianam
214 1251 222 1274 ,
251 1249 261 1268 .
288 1250 296 1268 .
347 1191 418 1280 Qui
442 1192 494 1268 ita
513 1191 660 1290 incipit:
694 1189 855 1280 Domine,
882 1218 923 1268 ne
992 1240 994 1247 ·

8 1295 49 1380 ,in
64 1295 184 1393 surore
208 1301 264 1364 tao
286 1314 412 1390 arguas
435 1318 492 1386 mc.
527 1281 581 1388 Pfi
596 1317 655 1390 37.
681 1317 715 1366 v.
733 1319 764 1367 1.
804 1287 921 1388 Argul

7 1391 64 1478 ,est
86 1389 224 1466 doloris
301 1413 373 1477 na,
397 1388 436 1465 dt
449 1391 500 1465 ita
517 1392 638 1486 gravis
653 1389 723 1478 est,
749 1403 791 1466 ut
809 1393 921 1468 etiam

7 1491 76 1588 ,qui
101 1491 206 1587 religi
245 1509 256 1562 r
275 1490 459 1575 videntur,
485 1487 622 1567 fiiorte
646 1490 684 1568 in
703 1489 831 1572 dendo
852 1489 921 1568 aii·

7 1613 87 1688 ,quo
121 1589 336 1670 incurrerint
367 1587 406 1672 dc
433 1605 654 1684 arguantur,
689 1590 923 1686 indignentur

8 1689 186 1776 ,adversus
210 1711 298 1775 ecc,
329 1687 393 1785 qui
416 1703 593 1784 arguunt,
623 1689 824 1768 &oderint
845 1713 923 1770 eos.
1029 1693 1033 1708 '

7 1789 65 1878 ,Et
94 1789 167 1866 hoc
192 1787 331 1866 malum
369 1788 407 1864 in
433 1787 538 1872 causa
568 1789 659 1878 fuit,
700 1803 742 1868 ut
765 1791 875 1866 etiam
900 1811 924 1870 a

8 1889 126 1986 ,priori
163 1887 296 1988 populo
336 1887 420 1962 odio
454 1887 671 1966 haberentur
708 1889 922 1986 Prophetae,

9 1989 120 2074 ,Elias
136 1985 282 2073 Setius,
305 1985 500 2068 Zacharias
516 1989 610 2062 inter
624 1988 800 2085 templum
815 1986 853 2064 dt
869 1987 924 2088 ai·

9 2103 93 2174 ,tare
112 2087 336 2173 trucidatus,
357 2085 533 2188 jeremias
551 2087 587 2160 in
606 2085 726 2170 lacum
748 2088 842 2164 coeni
859 2085 922 2165 de·

7 2189 179 2272 mersus,
224 2185 268 2268 D.
302 2184 347 2266 N.
378 2183 476 2291 Jesus
508 2184 669 2262 Christus
704 2189 742 2266 in
777 2209 922 2263 crucem

11 2287 118 2370 ,attus
135 2285 187 2366 fit.
205 2343 213 2360 .
228 2343 262 2364 ..
312 2285 419 2360 Beati
437 2307 522 2382 ergo
539 2283 735 2386 sapientes,
760 2289 923 2384 quicum
1003 2325 1006 2332 ·

11 2386 255 2482 deliquerint,
291 2381 316 2458 fi
340 2397 559 2480 arguuntur,
590 2409 664 2460 non
689 2387 845 2464 oderunt
865 2408 924 2462 ar·

11 2499 182 2580 ,guentes
224 2483 324 2560 Pron.
346 2507 379 2578 o.
416 2509 447 2558 v.
475 2497 507 2570 8.
561 2483 705 2582 Neceffe
735 2485 785 2562 est
813 2486 924 2582 igitur

8 2609 130 2672 .,eum,
153 2583 214 2680 qui
228 2595 373 2680 peccat,
394 2583 517 2677 argui,
544 2581 604 2659 sed
618 2585 789 2681 quoniam
803 2585 925 2681 gravis

8 2684 67 2771 ,est
85 2684 193 2758 nobis
212 2681 481 2768 manutenens,
508 2685 673 2780 quamvis
689 2683 731 2761 srt
747 2685 847 2760 utilis
861 2683 926 2760 ista

8 2783 222 2880 „correptim
247 2783 342 2866 ferre
363 2805 445 2860 eam
466 2780 529 2858 iub
550 2784 713 2866 omnium
738 2782 926 2882 praesentia

8 2883 250 2970 .,devitamus,
286 2883 361 2962 irno
393 2904 440 2956 ne
471 2881 564 2960 duos
595 2882 740 2982 quidem
770 2883 929 2980 patimur

8 2981 138 3068 ,adeiie
162 2979 293 3068 testes,
325 2979 384 3058 sed
407 2975 600 3078 culpamus
623 2995 857 3079 arguentem,
889 2981 929 3062 dc

8 3082 200 3166 „dicimum
228 3091 437 3177 oportuerat
451 3092 488 3162 te
505 3078 567 3155 ioli
584 3080 675 3156 mihi
692 3083 825 3170 dicere,
844 3103 927 3180 quae

8 3181 135 3268 ,veiim
158 3178 287 3263 &non
307 3179 370 3256 sub
385 3177 585 3260 multorum
606 3179 790 3279 praesentia
807 3183 928 3264 facere

8 3281 116 3366 „mihi
140 3281 320 3359 ruborem.
372 3277 568 3372 Dolemus,
594 3279 788 3378 jactamur,
822 3280 927 3358 effer·

8 3377 211 3464 „veicimun
254 3377 408 3474 'Quodsi
433 3377 518 3456 talis
544 3374 722 3482 correptio
744 3381 813 3474 est,
855 3394 928 3480 qu'a

9 3477 322 3566 abhorridum,
352 3475 411 3556 vel
437 3500 560 3562 coram
581 3479 789 3562 hominibus
809 3482 930 3578 argui·
992 3533 999 3551 .

9 3599 129 3665 „mur‚
151 3577 239 3732 qpid
256 3577 455 3668 faciemus,
480 3575 506 3656 fi
530 3577 632 3658 Deus
652 3605 720 3660 nos
745 3595 874 3678 arguat
891 3579 931 3654 in

10 3675 179 3776 ‚,iurore.
227 3673 268 3762 Si
298 3673 462 3781 Episcopi
493 3680 679 3776 arguentis
708 3681 933 3764 iracundiam

407 3775 589 3878 'Cccs
816 3781 937 3874 „ferre
