2470 4396
158 387 299 468 Hominis

159 487 306 574 regmae.

203 595 233 637 a.
250 593 303 660 aa.

252 293 254 298 .
335 212 438 316 408,
702 195 883 326 Originis
988 183 994 200 ’

411 389 446 462 ό.
471 385 548 474 „Et
561 375 760 460 dixitDmr:
775 387 942 484 sociamus
956 381 1109 460 iamiam
1123 384 1184 458 odi

338 487 493 584 „girran⁹
525 483 566 562 &¹
579 485 825 584 fimilitndinem
845 487 1006 586 nostram,
1039 481 1079 559 ii
1100 485 1192 580 princi

337 597 432 674 „tam
446 596 543 682 gerat
555 583 692 683 piscium
709 587 810 660 maris
827 582 896 662 &a
920 610 954 658 v.
971 589 1029 660 2⁶.
1039 579 1111 682 sqq.
1157 584 1184 668 Q

313 756 318 766 .
336 683 520 788 „qualiter
536 681 691 778 intelligi
708 707 772 780 per
788 683 999 778 allegoriam
1015 681 1173 768 debeant,

334 781 565 880 ‚,posuimus,
591 781 724 858 scilicet
745 797 787 866 nt
805 783 1011 873 dominetur
1034 782 1132 856 carni
1149 803 1180 855 m

335 879 401 974 „dt
421 905 495 956 non
512 882 578 984 illa
599 881 805 959 dominetur
830 881 875 957 ei.
920 881 1000 980 Jam
1019 903 1126 966 vero,
1158 903 1177 974 q

334 981 496 1072 „animal
514 979 704 1067 sithonio,
727 1005 773 1055 ex
791 979 873 1077 ipsis
889 979 1086 1076 Scripturae
1103 977 1183 1052 ienn

207 1167 209 1172 ,
335 1081 433 1171 „bus
448 1077 723 1156 confideremus.
774 1079 910 1156 Omnes
926 1079 1077 1174 reliquae
1097 1099 1171 1153 crea

334 1177 507 1275 „jullrone
528 1179 598 1254 Dei
621 1179 729 1254 fiunt:
755 1181 826 1278 fiat
876 1190 1088 1252 rmammtnm
1105 1176 1169 1254 &a

218 1331 223 1340 -
325 1279 442 1368 „lum
459 1300 564 1366 vero,
589 1291 704 1362 terra,
730 1276 801 1366 sol,
882 1277 988 1366 luna,
1015 1301 1059 1352 ac
1076 1275 1180 1352 stella

335 1377 477 1466 „homo
499 1401 520 1452 a
540 1376 620 1451 Deo
638 1377 732 1452 faita
745 1367 844 1452 ¹lunt.
897 1377 954 1452 Ex
972 1378 1040 1452 hoc
1058 1397 1175 1472 ergoc

193 1477 223 1558 s
338 1477 472 1565 ,‚dera,
517 1489 652 1572 quanta
680 1475 723 1552 irt
749 1476 963 1572 magnitudo
987 1475 1187 1551 hominis..

200 1605 235 1650 a.
253 1603 303 1672 13.

335 1571 459 1664 „lind
475 1573 556 1648 sane
572 1576 683 1650 otiam
699 1577 917 1650 eminentius
930 1577 967 1650 in
982 1576 1184 1654 conditione

335 1674 472 1763 „minis
489 1675 616 1762 video,
640 1675 737 1769 quod
754 1675 841 1748 alibi
859 1695 932 1750 non
950 1675 1099 1760 invenio
1119 1673 1180 1747 did

267 1829 271 1856 ,
333 1771 407 1864 „ad
423 1774 598 1870 imaginem
614 1771 681 1848 Dei
690 1775 775 1869 fecit
791 1799 870 1848 eum.
922 1773 957 1846 ls
973 1788 1123 1861 autem,
1147 1771 1192 1868 qui

218 1898 221 1908 2
333 1871 558 1966 „imaginem
581 1871 650 1948 Dei
673 1869 787 1947 iatius
815 1869 882 1958 est,
915 1871 953 1947 dt
978 1871 1181 1950 similitudin

221 2029 223 2034 .
333 1971 509 2061 „interior
529 1971 640 2046 homo
661 1969 776 2045 noster
792 1969 841 2044 est
857 1969 1063 2058 invisibilis,
1098 1969 1136 2048 dc
1155 1972 1185 2046 in

331 2067 515 2166 ‚‚poralis,
547 2084 656 2166 atque
674 2070 908 2146 immortalis:
945 2072 981 2146 in
999 2072 1058 2144 liis
1074 2073 1168 2146 enirn

330 2171 428 2258 „bus
446 2169 567 2264 imago
585 2169 654 2244 Dei
674 2167 803 2246 remus
824 2169 1078 2274 intelligitur„
1100 2230 1108 2246 .
1128 2231 1137 2246 .

331 2267 409 2357 „ell
429 2290 514 2362 ergo
534 2269 606 2344 alia
628 2269 751 2363 imago
776 2269 865 2355 Dei,
904 2269 951 2342 ad
974 2259 1081 2365 ciijus
1104 2272 1171 2344 ima

330 2365 624 2454 „similitudinem
649 2367 763 2461 fastus
788 2367 987 2452 esthamo,
1017 2367 1083 2443 nisi
1104 2369 1184 2444 Salv

196 2492 201 2509 ‘
330 2464 485 2553 „nostem
502 2465 660 2564 splendor
676 2469 787 2541 aurai
801 2467 932 2542 laminis
946 2465 1016 2542 &a
1041 2465 1132 2542 Hel.
1146 2495 1173 2542 r.

329 2563 416 2664 „Ad
434 2563 542 2659 hujus
557 2565 668 2661 igitur
686 2565 855 2661 imaginis
870 2563 1142 2642 similitudinem
1159 2567 1180 2640 lr

328 2661 469 2751 „saltus
488 2661 556 2749 est,
590 2663 628 2740 dt
646 2678 834 2762 propterea
849 2663 1019 2741 Salvator
1036 2667 1172 2752 noster,

329 2760 407 2852 „est
419 2763 540 2858 imago
553 2761 642 2852 Dei,
664 2763 906 2840 misericordia
923 2777 1047 2842 motus
1067 2789 1134 2862 pro
1154 2767 1173 2836 ll

329 2883 424 2950 „ne,
440 2861 569 2938 videns
585 2885 670 2938 eum
686 2860 844 2958 deposita
861 2861 922 2938 sua
938 2863 1099 2960 imagine
1122 2887 1176 2939 ma

314 2960 568 3055 '‚,imaginem.
591 2961 786 3049 induxilie,
827 2963 986 3057 imagine
1024 2964 1181 3039 hominis

244 3089 246 3094 ¹
330 3057 500 3156 „sumpta
516 3060 619 3134 venit
638 3061 685 3134 ad
704 3083 809 3150 eum,
843 3063 878 3134 in
914 3062 1143 3138 rmilimdinem

329 3183 433 3247 „num
454 3159 576 3254 satius.
610 3159 734 3258 Philip.
758 3186 791 3236 2.
818 3185 850 3235 v.
878 3185 912 3237 2.
929 3159 1003 3260 sqq.
1056 3163 1193 3250 Quicun

180 3281 185 3287 ·
329 3277 442 3352 „ergo
460 3259 611 3335 veniunt
628 3259 676 3334 ad
699 3281 804 3345 eum,
836 3257 874 3335 dt
896 3261 1125 3336 rationabilis
1144 3261 1154 3334 i

330 3356 412 3443 „nis
441 3357 633 3454 participes
663 3355 756 3432 ellici
785 3356 945 3447 student,
978 3382 1042 3456 per
1071 3362 1170 3458 prole

329 3455 457 3544 „lirum
490 3455 685 3532 secundum
713 3457 920 3532 interiorem
945 3458 1133 3554 hominem
1192 3513 1193 3516 a

329 3565 487 3640 „vantur
509 3555 670 3653 quotidie
686 3557 732 3632 ad
751 3557 950 3674 imaginem
961 3555 1069 3655 eim,
1102 3557 1162 3656 qui

328 3675 420 3740 „eos
427 3707 439 3744 ,
464 3653 516 3730 ita
531 3667 574 3730 ut
590 3651 717 3756 pollint
743 3659 947 3734 conlonnes
964 3657 1106 3757 corpori
1128 3653 1179 3732 ela

808 3800 811 3806 '
1191 3799 1195 3844 l
