2546 4382
167 195 171 204 ’
312 229 423 316 x9⁵4
543 331 547 338 ,
719 199 901 338 Origene

336 387 414 480 „est
432 384 528 484 ignis
546 385 716 476 alterius,
744 384 808 463 nisr
825 385 960 476 vester,
985 387 1048 486 qui
1068 387 1181 486 ligna,
1201 393 1249 488 qui

336 487 549 586 „stipulam
573 487 635 586 qui
652 487 842 568 materiam
861 485 987 571 futuro
1006 488 1170 565 incendio
1184 514 1250 564 roa·

101 639 103 646 -
167 605 174 615 ’
301 585 542 679 ,‚,cervastis.
593 587 693 662 Dicit
708 609 797 684 ergo
816 587 862 661 de
882 587 1130 684 presbyteris:
1163 589 1251 662 Hune

71 767 74 778 .
201 728 232 775 n.
252 709 283 784 a.
317 687 457 784 „domo
476 711 517 762 ex
533 683 628 760 domo
645 685 752 786 lsrael
757 713 767 762 ι
791 711 864 762 non
887 709 1017 762 omnes
1033 683 1194 764 homines
1208 687 1222 762 i
1236 730 1248 744 ·

334 809 456 879 „mua
506 783 743 876 Ostendemus
759 809 806 862 ex
822 785 1036 884 Scriptun’s:
1068 787 1188 860 doma.
1211 847 1216 861 .
1239 847 1244 858 .

228 963 238 998 a
334 897 568 986 „coaeparatur
584 887 624 986 efl
637 886 802 984 jumentis.
826 883 954 996 Ps48.
970 912 1026 978 13.
1053 884 1121 962 Iste
1136 885 1248 960 nonest

333 986 473 1078 „homo
491 985 621 1074 lrnrno,
646 983 707 1060 sed
725 987 836 1060 horno
851 1000 1072 1084 jumentum.
1128 983 1249 1061 Gana-

334 1087 408 1178 „t'r'n
426 1088 612 1188 viperarum
628 1083 696 1160 &e
719 1083 845 1160 Marri.
857 1081 891 1180 ‘3
907 1109 940 1159 u.
953 1107 988 1184 7.
1020 1083 1124 1160 Talis
1140 1084 1184 1160 eii
1197 1084 1248 1158 ser·

333 1209 449 1286 „pens
465 1185 587 1260 homo.
636 1180 741 1259 Absit
761 1182 893 1280 igitur,
920 1198 962 1260 ut
981 1208 1055 1278 nun
1074 1181 1181 1260 fimus
1198 1183 1247 1257 ho·

333 1285 477 1376 „mines
492 1283 680 1372 homines,
707 1281 767 1358 sed
782 1281 882 1358 aliud
897 1281 987 1382 ,quid
1004 1299 1141 1380 praeter
1156 1283 1248 1358 honri·

329 1409 434 1480 ‚,nes.
467 1383 568 1460 Tunc
584 1395 708 1460 autern
724 1405 859 1458 nomen
874 1381 1035 1458 hominis
1052 1381 1246 1480 duplicabis,

331 1484 503 1582 „quando
518 1483 667 1556 interior
683 1481 794 1556 horno
811 1477 917 1578 juxta
939 1481 1144 1578 imaginem
1157 1483 1247 1580 pede

280 1679 284 1686 .
330 1581 540 1673 „veraverit
557 1581 784 1674 Conditoris;
811 1591 898 1655 tunc
914 1581 1012 1656 enirn
1032 1581 1187 1658 nascitur
1202 1581 1248 1654 he
1266 1671 1267 1678 Ν

210 1761 212 1774 ,
329 1705 439 1774 „uro,
465 1679 503 1758 dr
524 1679 566 1759 fn
587 1677 786 1758 istiusmodi
808 1679 1002 1756 secundum
1027 1683 1247 1763 exteriorem,
1266 1729 1267 1770 ᾗ

222 1805 231 1814 ’
329 1781 393 1874 „dr
408 1781 617 1858 interiorem
635 1777 822 1857 hominem
836 1779 893 1854 bis
910 1779 1022 1855 homo
1037 1779 1164 1856 horno.
1190 1837 1198 1854 .
1219 1837 1245 1854 ..

328 1881 474 1974 „Potest
485 1883 612 1968 autern
626 1877 704 1956 fieri
722 1876 761 1955 dt
776 1877 962 1956 hominem
978 1877 1169 1954 hominem
1181 1879 1248 1952 aba·
1266 1889 1267 1982 i

328 1979 500 2076 „lienam
527 1977 700 2076 fiquidem
716 1976 754 2056 dr
772 1975 887 2077 justus
903 1977 1102 2074 aliquando
1121 1988 1267 2056 conver-¹

246 2167 255 2187 ,.
327 2081 445 2172 „titur
465 2077 486 2154 ai
507 2077 651 2177 justitiis
670 2077 763 2164 suis,
797 2075 835 2152 dr
857 2091 1005 2174 peccat,
1037 2075 1076 2153 dt
1101 2091 1188 2153 tunc
1210 2079 1251 2152 in·.

243 2187 246 2194 '
320 2179 432 2278 „quit
450 2179 647 2254 Dominus:
670 2175 765 2278 ¹Ego
786 2173 978 2276 respondebo
999 2178 1030 2250 er'
1051 2179 1085 2250 in
1113 2179 1127 2250 i
1140 2175 1200 2276 fir,
1226 2179 1251 2248 in

327 2306 414 2377 „quo
435 2276 613 2366 detinerer,
639 2287 683 2352 ut
705 2273 812 2351 instar
832 2273 963 2350 medici
983 2277 1096 2350 variis
1179 2277 1266 2371 gun*

324 2379 451 2472 „ribus
470 2377 566 2452 varie
584 2375 786 2462 medentis.
817 2373 881 2450 ista
898 2397 1041 2464 curem,
1075 2375 1118 2451 in
1139 2376 1266 2470 quibua

298 2535 305 2545 .
324 2500 455 2571 „mens
473 2475 671 2552 detinetur:
695 2471 864 2550 srautem
880 2497 954 2550 non
970 2485 1125 2550 curatus
1146 2475 1266 2549 suerit.r

275 2579 281 2598 ‘
326 2573 391 2671 „u
414 2576 451 2650 in
476 2571 604 2650 deliito
629 2571 928 2670 perseveraverit,
961 2571 1047 2649 aitz.
1073 2571 1249 2674 Obfirnair

325 2677 469 2774 „sneiem
482 2697 585 2748 aream
598 2671 701 2772 saper
716 2671 873 2748 demmem
888 2671 1003 2760 iilum,
1026 2669 1069 2748 Εἰ
1085 2699 1204 2770 ponam
1218 2673 1249 2743 i!-

326 2775 420 2868 „lum
434 2776 470 2848 in
484 2769 660 2872 desertum,
695 2769 736 2848 8
754 2774 789 2846 in
810 2772 1059 2858 exterminium,
1094 2771 1138 2848 ὃ*
1154 2770 1266 2845 urrant

324 2901 422 2965 ,μνη
442 2871 484 2948 de
501 2870 606 2948 medio
623 2871 742 2970 populi
759 2873 831 2948 mei.
874 2868 975 2973 Juiie
1001 2883 1133 2946 autern
1162 2868 1247 2967 proji-

235 3027 253 3062 .,
323 2975 464 3068 ‚,citur,
490 2969 552 3068 qui
573 2971 682 3067 digna
701 2967 792 3046 facit
808 2966 1037 3066 abjestione,
1060 2985 1106 3044 ut
1126 2969 1266 3044 auriera-¹

323 3087 412 3166 „tur
439 3090 463 3146 a
487 3067 621 3170 populo
648 3065 739 3160 Dei,
769 3066 808 3146 dr
833 3067 1035 3145 eradicetur
1057 3067 1106 3144 ab
1132 3093 1194 3156 eo,
1220 3063 1266 3142 &1

302 3170 514 3264 ¹¹,eradatur
546 3165 705 3245 Satanae'.
769 3167 819 3242 Et
846 3169 884 3248 in
915 3164 1084 3266 praesenti
1118 3169 1248 3266 quidem

195 3263 204 3276 ⁸
322 3268 464 3370 „potest
486 3269 567 3366 quis
586 3267 776 3364 egrediens
798 3267 844 3340 de
863 3265 999 3440 poimo
1024 3265 1096 3340 Dei
1123 3265 1246 3342 rursum

191 3457 196 3474 ⁸
324 3391 416 3484 „per
438 3367 690 3466 poenitentiam
709 3367 861 3442 reverti:
946 3387 1033 3458 vero
1058 3367 1247 3442 eradicatus

323 3469 461 3562 „tuerit
477 3489 560 3542 curn
577 3465 641 3542 illo
661 3465 700 3540 in
721 3461 942 3562 Evangelio,
974 3464 1037 3562 qui
1057 3465 1246 3552 nonhabe

321 3569 414 3666 „bat
439 3565 571 3641 vestem
595 3563 815 3663 nuptialem,
839 3561 1038 3641 aaran.
1056 3589 1161 3640 u.1r.
1192 3562 1246 3636 dii·

323 3665 515 3762 „ficiilime
531 3666 567 3742 in
583 3663 705 3740 locum
723 3663 908 3762 pristinum
925 3675 1138 3740 revertetur.
1187 3657 1244 3736 Sed

943 3781 950 3799 ¹
1165 3776 1243 3847 „nos
1264 3851 1265 3866 ,
