2546 4382
38 218 39 230 κ
119 244 134 290 ,μ
275 187 362 284 940
646 161 830 276 origenis
862 232 868 238 .

277 349 570 444 „risadeentum
585 345 735 424 Domini
749 349 823 424 mei
839 347 919 450 Jel'u
936 345 1091 437 Christi,
1119 347 1158 426 bt
1172 348 1221 424 vi·

250 527 252 530 .
278 453 423 544 „deris,
458 447 641 545 quomodo
664 443 880 526 subverterit
904 448 1041 524 omnia'
1057 451 1220 546 gentium

267 552 352 645 „de
363 544 482 626 'idolis
504 549 699 644 dogmata,
723 547 928 648 intelliges,
952 551 1041 645 quia
1066 549 1110 623 in
1134 559 1220 623 tem·

7 653 10 662 '
158 739 163 754 Ι
277 669 393 750 „pore
414 647 581 748 pallionie
603 647 683 746 ejus
707 649 879 745 Babylon
904 671 952 722 ex
977 647 1124 746 templo
1152 671 1221 722 eon

279 752 400 842 „ruit,
427 747 467 825 δι
491 750 647 824 contrita
668 747 730 834 ell,
780 747 1041 845 Unusquisque
1067 745 1221 822 nostrum

108 859 120 884 ‘
143 883 146 890 ¹
278 847 506 943 „confideret
529 845 704 945 seipsum,
743 845 783 926 δι
806 847 1079 923 animadvertat
1104 847 1222 943 Baby·

279 947 430 1042 „lonenl
450 949 488 1024 in
506 943 568 1022 luo
588 945 738 1046 pellere·
750 947 935 1023 corruille:
961 945 989 1022 sl
1006 959 1143 1024 autem
1161 971 1223 1022 non

280 1047 459 1142 ,‚cecidit,
491 1047 577 1122 huic
601 1043 764 1124 christus
787 1047 944 1122 necdum
967 1045 1147 1140 advenit;
1171 1070 1223 1120 ee·

284 1147 436 1240 „niente
473 1147 606 1245 quippe
641 1169 688 1223 eo
723 1146 894 1245 Babylon
932 1167 1040 1220 ruere
1079 1147 1224 1222 conlue-

279 1248 372 1340 „vic
411 1245 562 1344 Propter
578 1245 650 1320 hoc
667 1247 715 1323 ad
732 1249 939 1322 orationum
956 1243 1131 1344 praesidia
1148 1269 1223 1320 con·

280 1344 491 1443 „fugientes
518 1345 653 1443 petite,
692 1360 735 1423 ut
760 1345 884 1422 veniat
914 1345 1014 1446 Jelus
1044 1345 1093 1420 in'
1122 1345 1223 1421 corda

281 1447 443 1538 „vestrm
469 1443 507 1521 δι
527 1457 693 1540 conterat
709 1445 961 1544 Babylonem,
987 1442 1027 1524 δι
1045 1443 1224 1520 malitiam

38 1635 157 1666 x·-
437 1641 1123 1744 ,m

282 1698 308 1737 n
1125 1702 1136 1719 ·

105 1863 230 1934 Peccata
352 1865 386 1940 7.
412 1839 594 1939 „Plangia
619 1865 709 1931 mm,
747 1841 788 1919 &
814 1839 951 1939 accipio
980 1863 1018 1916 re
1044 1864 1129 1915 mm
1158 1866 1226 1916 cur·

106 1953 208 2016 omnia
223 1968 274 2012 re·
288 1940 470 2038 „reptionis
503 1945 592 2039 ejus,
621 1943 658 2041 st
689 1931 778 2116 gioU
790 1937 887 2016 modo
914 1937 980 2038 fian
1025 1941 1108 2014 itur.
1148 1967 1181 2014 v.
1196 1958 1227 2026 8.

105 2037 185 2101 mcci
197 2031 263 2116 ws-
287 2037 386 2130 „Ubi
410 2039 490 2115 lunt
520 2039 682 2125 haeretici
780 2040 816 2115 bi
840 2039 942 2128 sunt,
975 2039 1038 2136 qui
1062 2039 1229 2116 introdu-

95 2112 223 2266 aug
289 2151 404 2230 „cun
444 2151 612 2216 naturam
652 2139 933 2236 desperabilem,
990 2159 1074 2234 quae
1131 2140 1230 2236 pao·

105 2222 243 2354 ww}
288 2251 376 2329 „tus
408 2263 482 2322 non
515 2239 667 2338 recipiat
695 2237 878 2317 salutem‘.²
923 2235 965 2312 si
995 2235 1046 2311 est
1075 2251 1231 2326 natura,

101 2309 124 2375 ²⁷
149 2393 179 2436 n.
201 2335 253 2438 12}
289 2359 399 2435 „quae
420 2353 563 2436 pereat,
602 2357 687 2434 quae
709 2336 788 2416 alia
814 2335 899 2414 talis
926 2336 997 2412 erit
1027 2348 1072 2410 ut
1103 2337 1231 2435 Baby-

254 2481 257 2490 1
287 2434 405 2528 „lon‘.²
446 2435 624 2512 Attamen
654 2457 773 2534 neque
802 2436 905 2512 illam
929 2433 1079 2532 despicit
1106 2437 1229 2526 Deus;

289 2537 479 2634 „praecipit
498 2537 595 2610 enim
614 2535 786 2620 medicis,
811 2551 854 2611 ut
873 2534 1055 2634 accipiant
1075 2533 1231 2612 resinam

288 2637 418 2734 „super
432 2629 676 2734 Babylonem,
700 2633 727 2709 s1
742 2658 815 2732 quo
831 2635 943 2712 modo
961 2633 1119 2712 sanetur.
1145 2638 1230 2724 Qui·

290 2739 403 2827 „dam
428 2757 515 2832 ergo
541 2735 727 2821 feceruut,
767 2736 864 2833 quod
892 2747 971 2809 erat
996 2734 1229 2832 imperatum.

286 2833 388 2928 „Sed
412 2837 497 2930 quia
521 2833 692 2933 Babylon
717 2835 755 2908 in
780 2834 923 2933 pristina
946 2832 1089 2909 malitia
1113 2835 1228 2932 perle-
1264 2903 1265 2910 Ν

285 2923 444 3026 ,ζνεῐαηε
473 2932 592 3011 noluit
618 2935 757 3023 curan,
796 2933 882 3008 boni
915 2933 1049 3008 medici
1082 2933 1227 3010 dicunt:
1264 2937 1265 2948 '

170 3127 172 3132 Ι
284 3034 513 3125 „Caraoimas
535 3031 758 3132 Babylonem,
782 3031 908 3126 &non
926 3029 1121 3134 efl‘sonoto
1165 3035 1227 3111 Jo-

285 3135 496 3229 „linquomas
518 3145 599 3208 eom.
622 3157 658 3206 a.
676 3157 710 3228 9.
764 3132 858 3210 Vide
875 3144 1000 3208 autem
1021 3132 1162 3224 homo,
1185 3157 1227 3208 ne

154 3233 161 3250 “
286 3232 458 3328 „quando
487 3231 586 3308 idem
618 3231 743 3306 dicant
772 3230 907 3328 Angeli
944 3231 993 3306 ad
1028 3235 1226 3308 curandam

90 3338 94 3348 “
286 3334 474 3425 „animam
505 3344 606 3405 tuam
630 3353 653 3406 a
678 3330 758 3406 Deo
791 3329 900 3419 miffi,
934 3328 1149 3408 ficonfiliis
1172 3357 1227 3407 eo·

287 3454 395 3522 „rum
420 3454 494 3504 non
518 3427 733 3526 acquiescas.
762 3487 771 3505 .
799 3487 808 3506 .
835 3487 844 3505 .
895 3429 1017 3518 Cave,
1044 3455 1092 3505 ne
1116 3455 1227 3528 quan·

286 3531 364 3624 „do
389 3531 568 3642 relinquat
594 3543 631 3602 te
653 3529 840 3619 medicus,
865 3525 938 3604 live
950 3526 1124 3626 Angelus
1141 3532 1224 3614 Dei,

288 3629 387 3723 ,asne
420 3651 626 3727 quccunque
659 3628 876 3733 bominum,
917 3629 977 3704 cui
1001 3631 1150 3722 ,credita
1180 3627 1225 3703 eil

988 3752 993 3760 '
1116 3751 1221 3821 „cura
