2546 4382
147 116 152 128 ’
231 127 417 275 nolana
445 177 490 267 n
517 171 775 282 naeniam.
892 199 984 297 ma
1082 157 1094 206 '

6 379 115 458 „cet
134 353 522 468 in‘pristinnnsstatnm
536 366 583 443 de
598 357 811 465 ignominia,
836 365 874 444 de
890 391 979 446 con³

6 467 216 560 „fusioner
242 469 517 576 necimitemur
535 469 655 546 malos
680 461 977 566 blasphemantes

6 569 229 659 „adversus
246 567 515 668 providentiam
531 566 620 654 Dei,
645 568 685 645 dt
702 569 885 643 dicentes:
919 568 975 646 in·

6 667 144 766 „justo
161 668 226 746 ista
288 669 435 767 tpetior.
475 662 516 743 si
529 659 766 766 justificamus
781 668 973 766 providen-

6 769 166 858 ‚,tiam,
200 767 238 844 so
254 768 373 846 vimus
401 766 558 844 nostram
584 768 791 844 infamiam:
828 766 968 843 srvero

6 889 128 960 „non
157 867 366 967 suscipimus
390 866 529 968 judicia
558 866 648 958 Dei,
679 861 967 970 multiplicamus

6 967 265 1060 „infamium
291 966 530 1068 &supplicia
654 1016 656 1026 ·

99 1191 137 1243 2.
149 1162 152 1177 ¹
165 1163 316 1264 „Siquis
332 1179 419 1262 ergo
438 1155 655 1264 complevit,
680 1165 779 1264 quod
796 1147 965 1266 scriptum
981 1169 1114 1272 Confirfio
1163 1241 1170 1273 s,

6 1263 119 1356 „eliz
160 1264 376 1364 confundere,
410 1264 520 1355 vide,
558 1266 646 1362 quid
679 1267 962 1365 repromittitur:
975 1273 1124 1352 patienter

6 1363 214 1458 „Avertam
233 1365 410 1466 everstones
429 1383 538 1442 eorum
561 1364 630 1456 &a
654 1389 687 1442 o.
705 1387 764 1463 53.
814 1367 964 1443 Scilicet
976 1351 1104 1452 tolerata
1142 1453 1145 1460 ¹
1264 1365 1265 1368 ’

6 1465 168 1565 „primo
194 1463 462 1554 Sodomorum,
495 1459 624 1553 idest,
656 1461 870 1562 gentilium,
901 1433 1145 1586 quifflsmm‘

6 1565 169 1664 „primo
190 1562 471 1674 misericordiam
493 1561 774 1662 consequentur:
808 1565 963 1642 secundo
976 1541 1136 1672 'mm‘

6 1663 249 1758 „Samum
274 1662 397 1752 idest,
424 1663 700 1754 haereticorum,
725 1666 788 1764 qui
809 1663 979 1744 secundo¹
1021 1711 1052 1757 η,
1071 1713 1103 1760 2,
1221 1679 1228 1722 ¹

6 1764 135 1856 „loco
165 1763 345 1861 accipient
376 1762 584 1840 sanitatem:
625 1765 735 1840 tertio
756 1765 963 1940 {emsalem

6 1861 149 1956 „Ante
178 1883 266 1959 ergo
293 1861 467 1959 gentiles,
499 1873 586 1939 ante
610 1861 761 1940 haeretic
778 1861 783 1887 ²
802 1863 962 1940 clemen·-

6 1964 144 2057 „tiam
159 1961 437 2058 consequentur,
463 1961 781 2061 quamnos,s1&
796 1986 864 2038 nos
878 1985 963 2061 pec·

6 2075 133 2156 „cata
149 2059 394 2237 depresserint;
419 2075 557 2159 quanto
571 2062 668 2138 enim
683 2064 869 2162 propiores
882 2062 976 2140 suet

6 2163 164 2256 „rimus
221 2183 287 2253 eo,
323 2159 362 2238 dt
386 2160 434 2237 ad
461 2161 723 2240 beatitudinem
747 2163 961 2252 viciniores,

6 2273 177 2355 „tanto„
213 2279 298 2337 curn
329 2262 618 2359 peccaverimus,
657 2258 803 2359 longius
831 2257 963 2338 fiemus

8 2361 97 2455 „ab
124 2383 188 2451 ea,
218 2359 377 2459 proximi
408 2361 652 2438 maximarum
681 2383 891 2461 poenarum,
922 2360 963 2438 dt

9 2459 262 2554 „audiemus
304 2457 354 2538 Ut
368 2461 465 2556 seras
487 2471 679 2536 tormentum
697 2474 809 2551 mum,
843 2457 884 2540 Θ
906 2461 963 2536 de·

9 2560 217 2660 „honestetis
238 2558 279 2633 de
299 2557 466 2648 omnibm,
499 2581 570 2656 quor
586 2561 704 2662 fecisti.
739 2587 772 2638 n.
792 2587 849 2660 54.
902 2559 964 2638 Est

9 2659 220 2758 „quaedam
244 2659 408 2734 mensura
432 2659 595 2757 peccati,
629 2682 739 2756 quam
766 2661 964 2756 unusquis·

11 2783 122 2858 „que
143 2759 292 2857 recipiet
311 2779 377 2858 pro
398 2781 462 2848 eo,
492 2759 591 2856 quod
617 2761 790 2856 peccavit.
840 2759 963 2836 Maxi·
1078 2783 1081 2802 ·

10 2860 122 2954 „mis
139 2858 298 2956 peccatis
316 2879 471 2956 magnus
489 2859 672 2933 cruciatus
691 2857 961 2956 adjungitur...

13 2957 187 3051 „Idcirco
216 2957 301 3055 quia
326 2957 546 3054 ignominia,
577 2955 615 3032 dt
638 2956 798 3034 confusio
824 2971 963 3035 aeterna
1041 3005 1048 3024 ·
1091 2998 1103 3025 a

13 3057 156 3152 „nobis
187 3055 339 3156 reposita
368 3055 438 3142 est,
477 3054 503 3131 fi
533 3059 822 3162 peccaverimus,
862 3060 981 3152 omni,

13 3153 158 3251 „corde
183 3173 373 3254 precemur
395 3155 533 3243 Deum,
571 3171 614 3231 ut
633 3156 696 3233 det
716 3157 822 3233 nobis
845 3179 970 3255 usque.

14 3257 97 3355 „ad
116 3255 225 3330 finem
246 3253 283 3332 dc
300 3254 433 3344 animi,
458 3253 497 3331 dt
512 3257 673 3352 corporis
692 3257 769 3334 nisu
786 3280 851 3356 pro
867 3257 962 3338 veri·

14 3369 126 3450 „tate
143 3354 382 3442 contendere,
405 3365 465 3444 ut,
495 3354 633 3432 etiamst
650 3357 798 3455 aliquod
815 3369 960 3453 tempus

16 3453 237 3550 „institerit,
279 3455 377 3552 quod
415 3452 569 3530 nostram
606 3459 791 3532 examinet
826 3449 960 3546 iidem,
1105 3546 1108 3556 Ι

13 3551 185 3652 „etiamst
201 3551 399 3651 persecutio
416 3553 585 3650 eruperit,
610 3555 773 3632 inveniat
787 3576 855 3630 nos
868 3575 961 3653 prae·
1078 3551 1082 3558 ’

18 3665 215 3756 „paratum
233 3676 287 3730 ne
304 3652 436 3730 domus
453 3651 622 3735 nostruin
642 3655 776 3753 hyeme
794 3667 961 3740 corruat,

886 3775 961 3848 svn-⁸
