2434 4384
307 213 365 330 3⁶
682 204 886 338 Origenir'
942 265 945 274 -
1016 137 1027 158 l

304 397 461 485 ,quirun
499 387 689 486 quomodo.
705 389 759 476 illi
785 387 933 488 culpeirt
952 409 1048 478 eus,
1081 389 1145 486 qui
1172 411 1202 474 vr

303 493 503 592 „opificem
516 489 652 574 Deum,
677 488 736 564 vel
752 490 1013 587 prouidentiam
1025 488 1134 584 hujus
1152 495 1202 562 un]

304 589 505 686 „versitatis
522 610 657 684 negant
680 645 688 662 .
715 644 724 662 .
752 646 760 663 .
787 585 956 686 cumipsr
976 610 1121 684 quoque
1139 587 1202 660 lim

304 691 406 784 „lem
422 687 566 784 culpam
590 687 786 783 impietatis
806 688 1007 772 incurrant,
1024 687 1202 782 ingenitar

210 858 216 868 .
306 791 494 882 „dicentes
529 785 595 860 elie
614 787 845 887 materiam,
883 785 1039 881 Deoque
1068 785 1203 882 ingenit

305 899 561 978 „coaeternam
611 875 818 972 Secundum
828 885 920 962 hanc
935 887 1023 979 ergo'
1036 885 1203 960 ratioucrr

305 985 360 1080 „li
375 1005 584 1086 ponamus,·
600 988 789 1060 materiam
812 1009 885 1060 nou
899 983 1018 1070 inille,
1039 998 1084 1058 ut
1110 983 1164 1056 illi
1181 1007 1203 1056 a

168 1143 175 1159 .
304 1086 478 1180 „seruut‚
519 1083 707 1170 dicentes,
744 1081 829 1180 ‘quia
851 1083 951 1158 Deus
977 1107 1049 1158 nou
1068 1095 1204 1178 ‘potuer

305 1181 468 1280 „aliquid
492 1179 639 1269 lacere,
674 1205 758 1264 cum
781 1181 871 1258 nihil
893 1181 995 1268 effer.
1028 1180 1098 1256 ime
1124 1179 1204 1255 dull

304 1282 475 1374 „futurus
491 1291 569 1354 emt
596 1280 753 1368 otiosus,
776 1281 965 1360 materiam
987 1305 1056 1359 nou
1070 1279 1204 1370 habeus

303 1403 379 1474 „ex
396 1393 473 1476 qua‘
492 1377 602 1476 pollet
624 1381 787 1475 operari,
813 1402 922 1476 quarn
935 1380 969 1456 ei
985 1404 1056 1454 non
1078 1378 1132 1454 lui
1152 1401 1204 1476 pr<

302 1477 489 1574 ,‚vilrone‚
533 1477 593 1550 led
623 1475 780 1554 fortuitu
810 1479 964 1554 sentiunt
985 1476 1119 1554 alluille
1148 1537 1159 1552 .
1186 1525 1205 1552 ,κ

302 1577 436 1672 „Quod
461 1575 552 1658 milri
575 1577 826 1671 perabsurdum
841 1567 1012 1662 uidetur,
1046 1575 1085 1652 δι
1104 1599 1205 1652 eorur

302 1675 397 1770 „elle
420 1675 634 1758 hominem,
683 1678 745 1770 qui
767 1676 939 1752 virtutem
959 1675 997 1752 δι
1025 1668 1205 1771 intelliges

303 1773 754 1868 „tiamiugeuitaeuaturae
763 1775 912 1869 penitus
929 1776 1103 1870 ignorant.
1161 1775 1205 1850 Se

305 1885 374 1966 „ut
385 1872 562 1949 rationem
578 1894 698 1946 rerum
716 1871 881 1968 pellimus
905 1873 1095 1950 dilucidius
1114 1874 1206 1958 intur

308 1971 396 2066 ,‚ri‚
432 1969 650 2047 coucedatur
675 1972 854 2070 paulisper
883 1997 956 2048 uon
986 1970 1085 2048 fuille
1117 1989 1206 2046 marr

307 2070 456 2164 „riam,
494 2069 532 2146 ἃ
546 2069 686 2154 Deum,
720 2095 805 2146 cum
823 2071 912 2148 nihil
931 2070 1016 2146 ellet
1034 2072 1156 2168 prius,
1181 2071 1206 2144 ii

306 2169 434 2264 „cium
469 2181 512 2244 ut
536 2167 645 2244 client
663 2193 726 2258 ca,
770 2192 851 2268 quae
879 2169 946 2246 elle
970 2169 1106 2256 voluit,
1141 2173 1207 2265 quil

306 2267 568 2366 „putabimns,
611 2270 696 2364 quia
720 2269 926 2356 meliorem,
952 2283 1017 2344 aut
1036 2266 1207 2363 majorem

306 2378 401 2462 „aut
427 2366 575 2440 alterius
598 2367 740 2461 generis
760 2369 949 2444 materiam
972 2367 1131 2444 facturus
1150 2367 1207 2442 elli

308 2463 448 2558 „Deus,
474 2487 585 2561 quam
602 2489 649 2540 ex
658 2465 720 2542 sua
735 2466 868 2542 virtute
884 2464 1098 2564 &sapientia
1115 2469 1207 2564 profu

306 2563 455 2658 „rebam
485 2576 527 2638 ut
543 2563 652 2654 eliet,
683 2579 861 2662 quaeaute
877 2565 1029 2642 fuerat?
1063 2563 1127 2645 Au
1144 2565 1207 2640 inlr

296 2662 464 2758 ¹„riorem
490 2659 529 2740 δι
549 2660 811 2740 deteriorem?
837 2661 909 2740 ‘Au
934 2663 1089 2743 :lumlem
1121 2678 1207 2760 atqu

306 2761 533 2858 ‚,eamdem,
573 2773 615 2837 ut
634 2761 683 2838 est
704 2761 794 2851 illa,
826 2785 934 2859 quam
958 2762 1010 2838 isti
1033 2763 1207 2858 ingenitur

306 2857 495 2954 „rlicunt‘.²
527 2860 576 2938 Et
597 2873 684 2959 putu
706 2861 821 2940 cuivis
843 2861 1014 2938 facillime
1037 2875 1160 2958 pateat
1180 2865 1207 2936 ir

306 2957 519 3052 „telletlum
556 2962 654 3056 quod
670 2984 785 3058 neque
803 2961 932 3038 melior
953 2983 1069 3058 neque
1084 2961 1207 3038 inferic

307 3057 500 3158 „putuillet
514 3061 640 3134 mundi
659 3059 797 3138 formas
818 3060 1022 3158 speciesque
1041 3046 1207 3156 suscipere

307 3157 398 3252 „nist
427 3159 510 3234 talis
532 3157 669 3247 millet,
709 3159 826 3258 qualis
844 3155 908 3236 ista
922 3157 990 3248 est,
1017 3179 1098 3255 quae
1122 3157 1207 3234 susce

305 3255 396 3354 „pit
456 3257 512 3340 ,Et
533 3258 714 3352 quomodo
742 3259 828 3354 ergo
859 3281 933 3336 non
965 3257 1146 3336 videbitur
1166 3259 1207 3332 irr

305 3357 452 3454 „pium
478 3355 516 3431 id
529 3358 728 3452 ingenitum
754 3359 901 3448 dicere,
937 3358 1037 3453 quod
1057 3355 1207 3435 fifatlu

304 3479 355 3550 „a
378 3457 453 3530 l)eu
476 3456 663 3543 credatur,
704 3457 777 3532 tale
799 3455 873 3534 fine
897 3455 1008 3546 dubio
1030 3455 1207 3530 invenitur

307 3556 440 3650 „qmuu
474 3551 511 3628 rt
535 3553 624 3630 illud
652 3551 719 3640 est,
751 3555 848 3650 quod
865 3555 1065 3651 ingenitum
1089 3555 1207 3630 dicitur

131 3681 278 3783 mſs.
310 3703 334 3748 „
362 3713 368 3728 .
399 3713 406 3730 .
435 3711 442 3728 .
472 3651 573 3728 Unde
596 3681 629 3730 2.
649 3653 780 3728 illuri.
800 3680 833 3754 7.
859 3681 891 3730 v.
910 3670 969 3742 28.
1003 3655 1123 3732 Mater
1142 3653 1207 3732 filit

996 3835 1001 3842 .
1127 3775 1207 3843 armi
